@article{RN772,
      author = "CMS",
      title          = "{Search for the rare decay $B^{0}_{s}\to \mu^{+}\mu^{-}$
                        at the LHC with the CMS and LHCb experiments: Combination
                        of LHC results of the search for $B_s\to\mu^+\mu^-$
                        decays}",
      collaboration  = "CMS Collaboration",
      year           = "2011",
      eprint   = "CMS-PAS-BPH-11-019, LHCb-CONF-2011-047,
                        CERN-LHCb-CONF-2011-047"
      %SLACcitation   = "%%CITATION = CMS-PAS-BPH-11-019;%%"
}

@article{RN616,
      author  = "ATLAS ",
      title          = "{Search for direct-slepton and direct-chargino production
                        in final states with two opposite-sign leptons, missing
                        transverse momentum and no jets in 20/fb of pp collisions
                        at sqrt(s) = 8 TeV with the ATLAS detector}",
      collaboration  = "ATLAS Collaboration",
      year           = "2013",
      eprint   = "ATLAS-CONF-2013-049"
      %SLACcitation   = "%%CITATION = ATLAS-CONF-2013-049;%%"
}

@article{RN695,
   author = {Aaboud, M. and Aad, G. and Abbott, B. and Abdallah, J. and Abdinov, O. and Abeloos, B. and Aben, R. and AbouZeid, O. S. and Abraham, N. L. and Abramowicz, H. and Abreu, H. and Abreu, R. and Abulaiti, Y. and Acharya, B. S. and Adachi, S. and Adamczyk, L. and Adams, D. L. and Adelman, J. and Adomeit, S. and Adye, T. and Affolder, A. A. and Agatonovic-Jovin, T. and Agricola, J. and Aguilar-Saavedra, J. A. and Ahlen, S. P. and Ahmadov, F. and Aielli, G. and Akerstedt, H. and Åkesson, T. P. A. and Akimov, A. V. and Alberghi, G. L. and Albert, J. and Albrand, S. and Alconada Verzini, M. J. and Aleksa, M. and Aleksandrov, I. N. and Alexa, C. and Alexander, G. and Alexopoulos, T. and Alhroob, M. and Aliev, M. and Alimonti, G. and Alison, J. and Alkire, S. P. and Allbrooke, B. M. M. and Allen, B. W. and Allport, P. P. and Aloisio, A. and Alonso, A. and Alonso, F. and Alpigiani, C. and Alstaty, M. and Alvarez Gonzalez, B. and Álvarez Piqueras, D. and Alviggi, M. G. and Amadio, B. T. and Amako, K. and Amaral Coutinho, Y. and Amelung, C. and Amidei, D. and Amor Dos Santos, S. P. and Amorim, A. and Amoroso, S. and Amundsen, G. and Anastopoulos, C. and Ancu, L. S. and Andari, N. and Andeen, T. and Anders, C. F. and Anders, G. and Anders, J. K. and Anderson, K. J. and Andreazza, A. and Andrei, V. and Angelidakis, S. and Angelozzi, I. and Anger, P. and Angerami, A. and Anghinolfi, F. and Anisenkov, A. V. and Anjos, N. and Annovi, A. and Antonelli, M. and Antonov, A. and Anulli, F. and Aoki, M. and Aperio Bella, L. and Arabidze, G. and Arai, Y. and Araque, J. P. and Arce, A. T. H. and Arduh, F. A. and Arguin, J. F. and Argyropoulos, S. and Arik, M. and Armbruster, A. J. and Armitage, L. J. and Arnaez, O. and Arnold, H. and Arratia, M. and others },
   title = {Search for squarks and gluinos in final states with jets and missing transverse momentum at $$\sqrt{s}$$ s =13 $${\mathrm{TeV}}$$ TeV with the ATLAS detector},
   journal = {The European Physical Journal C},
   volume = {76},
   number = {7},
   pages = {392},
   ISSN = {1434-6052},
   DOI = {10.1140/epjc/s10052-016-4184-8},
   url = {https://doi.org/10.1140/epjc/s10052-016-4184-8},
   year = {2016},
   type = {Journal Article}
}

@article{RN698,
      author         = "Aaboud, Morad and others",
      title          = "{Search for squarks and gluinos in final states with jets
                        and missing transverse momentum using 36  fb$^{-1}$ of
                        $\sqrt{s}=13$  TeV pp collision data with the ATLAS
                        detector}",
      journal        = "Phys. Rev.",
      volume         = "D97",
      year           = "2018",
      number         = "11",
      pages          = "112001",
      doi            = "10.1103/PhysRevD.97.112001"
}

@article{RN62,
   author = {Aad, G. and Abajyan, T. and Abbott, B. and Abdallah, J. and Abdel Khalek, S. and Abdelalim, A. A. and Abdinov, O. and Aben, R. and Abi, B. and Abolins, M. and AbouZeid, O. S. and Abramowicz, H. and Abreu, H. and Acharya, B. S. and Adamczyk, L. and Adams, D. L. and Addy, T. N. and Adelman, J. and Adomeit, S. and Adragna, P. and Adye, T. and Aefsky, S. and Aguilar-Saavedra, J. A. and Agustoni, M. and Aharrouche, M. and Ahlen, S. P. and Ahles, F. and Ahmad, A. and Ahsan, M. and Aielli, G. and Akdogan, T. and Åkesson, T. P. A. and Akimoto, G. and Akimov, A. V. and Alam, M. S. and Alam, M. A. and Albert, J. and Albrand, S. and Aleksa, M. and Aleksandrov, I. N. and Alessandria, F. and Alexa, C. and Alexander, G. and Alexandre, G. and Alexopoulos, T. and Alhroob, M. and Aliev, M. and Alimonti, G. and Alison, J. and Allbrooke, B. M. M. and Allport, P. P. and Allwood-Spiers, S. E. and Almond, J. and Aloisio, A. and Alon, R. and Alonso, A. and Alonso, F. and Altheimer, A. and Alvarez Gonzalez, B. and Alviggi, M. G. and Amako, K. and Amelung, C. and Ammosov, V. V. and Amor Dos Santos, S. P. and Amorim, A. and Amram, N. and Anastopoulos, C. and Ancu, L. S. and Andari, N. and Andeen, T. and Anders, C. F. and Anders, G. and Anderson, K. J. and Andreazza, A. and Andrei, V. and Andrieux, M. L. and Anduaga, X. S. and Angelidakis, S. and Anger, P. and Angerami, A. and Anghinolfi, F. and Anisenkov, A. and Anjos, N. and Annovi, A. and Antonaki, A. and Antonelli, M. and Antonov, A. and Antos, J. and Anulli, F. and Aoki, M. and Aoun, S. and Aperio Bella, L. and Apolle, R. and Arabidze, G. and Aracena, I. and Arai, Y. and Arce, A. T. H. and Arfaoui, S. and Arguin, J. F. and Arik, E. and others },
   title = {Observation of a new particle in the search for the Standard Model Higgs boson with the ATLAS detector at the LHC},
   journal = {Physics Letters B},
   volume = {716},
   number = {1},
   pages = {1-29},
   ISSN = {0370-2693},
   DOI = {https://doi.org/10.1016/j.physletb.2012.08.020},
   url = {http://www.sciencedirect.com/science/article/pii/S037026931200857X},
   year = {2012},
   type = {Journal Article}
}

@article{RN158,
   author = {Aad, G. and Abajyan, T. and Abbott, B. and Abdallah, J. and Khalek, S. Abdel and Abdinov, O. and Aben, R. and Abi, B. and Abolins, M. and AbouZeid, O. S. and Abramowicz, H. and Abreu, H. and Abulaiti, Y. and Acharya, B. S. and Adamczyk, L. and Adams, D. L. and Adelman, J. and Adomeit, S. and Adye, T. and Agatonovic-Jovin, T. and Aguilar-Saavedra, J. A. and Agustoni, M. and Ahlen, S. P. and Ahmad, A. and Ahmadov, F. and Aielli, G. and Åkesson, T. P. A. and Akimoto, G. and Akimov, A. V. and Albert, J. and Albrand, S. and Verzini, M. J. Alconada and Aleksa, M. and Aleksandrov, I. N. and Alexa, C. and Alexander, G. and Alexandre, G. and Alexopoulos, T. and Alhroob, M. and Alimonti, G. and Alio, L. and Alison, J. and Allbrooke, B. M. M. and Allison, L. J. and Allport, P. P. and Allwood-Spiers, S. E. and Almond, J. and Aloisio, A. and Alon, R. and Alonso, A. and Alonso, F. and Alpigiani, C. and Altheimer, A. and Gonzalez, B. Alvarez and Alviggi, M. G. and Amako, K. and Coutinho, Y. Amaral and Amelung, C. and Amidei, D. and Ammosov, V. V. and Santos, S. P. Amor Dos and Amorim, A. and Amoroso, S. and Amram, N. and Amundsen, G. and Anastopoulos, C. and Ancu, L. S. and Andari, N. and Andeen, T. and Anders, C. F. and Anders, G. and Anderson, K. J. and Andreazza, A. and Andrei, V. and Anduaga, X. S. and Angelidakis, S. and Anger, P. and Angerami, A. and Anghinolfi, F. and Anisenkov, A. V. and Anjos, N. and Annovi, A. and Antonaki, A. and Antonelli, M. and Antonov, A. and Antos, J. and Anulli, F. and Aoki, M. and Bella, L. Aperio and Apolle, R. and Arabidze, G. and Aracena, I. and Arai, Y. and Araque, J. P. and Arce, A. T. H. and Arguin, J. F. and Argyropoulos, S. and Arik, M. and Armbruster, A. J. and Arnaez, O. and others },
   title = {Search for direct production of charginos and neutralinos in events with three leptons and missing transverse momentum in $ \sqrt{s} $ = 8 TeV pp collisions with the ATLAS detector},
   journal = {Journal of High Energy Physics},
   volume = {2014},
   number = {4},
   pages = {169},
   ISSN = {1029-8479},
   DOI = {10.1007/JHEP04(2014)169},
   url = {http://dx.doi.org/10.1007/JHEP04(2014)169},
   year = {2014},
   type = {Journal Article}
}

@article{RN567,
   author = {Aad, G. and Abbott, B. and Abdallah, J. and Abdinov, O. and Aben, R. and Abolins, M. and AbouZeid, O. S. and Abramowicz, H. and Abreu, H. and Abreu, R. and Abulaiti, Y. and Acharya, B. S. and Adamczyk, L. and Adams, D. L. and Adelman, J. and Adomeit, S. and Adye, T. and Affolder, A. A. and Agatonovic-Jovin, T. and Agricola, J. and Aguilar-Saavedra, J. A. and Ahlen, S. P. and Ahmadov, F. and Aielli, G. and Akerstedt, H. and Åkesson, T. P. A. and Akimov, A. V. and Alberghi, G. L. and Albert, J. and Albrand, S. and Alconada Verzini, M. J. and Aleksa, M. and Aleksandrov, I. N. and Alexa, C. and Alexander, G. and Alexopoulos, T. and Alhroob, M. and Alimonti, G. and Alio, L. and Alison, J. and Alkire, S. P. and Allbrooke, B. M. M. and Allport, P. P. and Aloisio, A. and Alonso, A. and Alonso, F. and Alpigiani, C. and Altheimer, A. and Alvarez Gonzalez, B. and Álvarez Piqueras, D. and Alviggi, M. G. and Amadio, B. T. and Amako, K. and Amaral Coutinho, Y. and Amelung, C. and Amidei, D. and Amor Dos Santos, S. P. and Amorim, A. and Amoroso, S. and Amram, N. and Amundsen, G. and Anastopoulos, C. and Ancu, L. S. and Andari, N. and Andeen, T. and Anders, C. F. and Anders, G. and Anders, J. K. and Anderson, K. J. and Andreazza, A. and Andrei, V. and Angelidakis, S. and Angelozzi, I. and Anger, P. and Angerami, A. and Anghinolfi, F. and Anisenkov, A. V. and Anjos, N. and Annovi, A. and Antonelli, M. and Antonov, A. and Antos, J. and Anulli, F. and Aoki, M. and Aperio Bella, L. and Arabidze, G. and Arai, Y. and Araque, J. P. and Arce, A. T. H. and Arduh, F. A. and Arguin, J. F. and Argyropoulos, S. and Arik, M. and Armbruster, A. J. and Arnaez, O. and Arnal, V. and Arnold, H. and Arratia, M. and Arslan, O. and Artamonov, A. and others },
   title = {ATLAS Run 1 searches for direct pair production of third-generation squarks at the Large Hadron Collider},
   journal = {The European Physical Journal C},
   volume = {75},
   number = {10},
   pages = {510},
   ISSN = {1434-6052},
   DOI = {10.1140/epjc/s10052-015-3726-9},
   url = {https://doi.org/10.1140/epjc/s10052-015-3726-9},
   year = {2015},
   type = {Journal Article}
}

@article{RN568,
   author = {Aad, G. and Abbott, B. and Abdallah, J. and Abdinov, O. and Aben, R. and Abolins, M. and AbouZeid, O. S. and Abramowicz, H. and Abreu, H. and Abreu, R. and Abulaiti, Y. and Acharya, B. S. and Adamczyk, L. and Adams, D. L. and Adelman, J. and Adomeit, S. and Adye, T. and Affolder, A. A. and Agatonovic-Jovin, T. and Agricola, J. and Aguilar-Saavedra, J. A. and Ahlen, S. P. and Ahmadov, F. and Aielli, G. and Akerstedt, H. and Åkesson, T. P. A. and Akimov, A. V. and Alberghi, G. L. and Albert, J. and Albrand, S. and Alconada Verzini, M. J. and Aleksa, M. and Aleksandrov, I. N. and Alexa, C. and Alexander, G. and Alexopoulos, T. and Alhroob, M. and Alimonti, G. and Alio, L. and Alison, J. and Alkire, S. P. and Allbrooke, B. M. M. and Allport, P. P. and Aloisio, A. and Alonso, A. and Alonso, F. and Alpigiani, C. and Altheimer, A. and Alvarez Gonzalez, B. and Álvarez Piqueras, D. and Alviggi, M. G. and Amadio, B. T. and Amako, K. and Amaral Coutinho, Y. and Amelung, C. and Amidei, D. and Amor Dos Santos, S. P. and Amorim, A. and Amoroso, S. and Amram, N. and Amundsen, G. and Anastopoulos, C. and Ancu, L. S. and Andari, N. and Andeen, T. and Anders, C. F. and Anders, G. and Anders, J. K. and Anderson, K. J. and Andreazza, A. and Andrei, V. and Angelidakis, S. and Angelozzi, I. and Anger, P. and Angerami, A. and Anghinolfi, F. and Anisenkov, A. V. and Anjos, N. and Annovi, A. and Antonelli, M. and Antonov, A. and Antos, J. and Anulli, F. and Aoki, M. and Aperio Bella, L. and Arabidze, G. and Arai, Y. and Araque, J. P. and Arce, A. T. H. and Arduh, F. A. and Arguin, J. F. and Argyropoulos, S. and Arik, M. and Armbruster, A. J. and Arnaez, O. and Arnal, V. and Arnold, H. and Arratia, M. and Arslan, O. and Artamonov, A. and others },
   title = {Summary of the searches for squarks and gluinos using s = 8 $$ \sqrt{s}=8 $$ TeV pp collisions with the ATLAS experiment at the LHC},
   journal = {Journal of High Energy Physics},
   volume = {2015},
   number = {10},
   pages = {54},
   ISSN = {1029-8479},
   DOI = {10.1007/JHEP10(2015)054},
   url = {https://doi.org/10.1007/JHEP10(2015)054},
   year = {2015},
   type = {Journal Article}
}

@article{RN693,
   author = {Aad, G. and Abbott, B. and Abdallah, J. and Khalek, S. Abdel and Abdinov, O. and Aben, R. and Abi, B. and Abolins, M. and AbouZeid, O. S. and Abramowicz, H. and Abreu, H. and Abreu, R. and Abulaiti, Y. and Acharya, B. S. and Adamczyk, L. and Adams, D. L. and Adelman, J. and Adomeit, S. and Adye, T. and Agatonovic-Jovin, T. and Aguilar-Saavedra, J. A. and Agustoni, M. and Ahlen, S. P. and Ahmadov, F. and Aielli, G. and Akerstedt, H. and Åkesson, T. P. A. and Akimoto, G. and Akimov, A. V. and Alberghi, G. L. and Albert, J. and Albrand, S. and Verzini, M. J. Alconada and Aleksa, M. and Aleksandrov, I. N. and Alexa, C. and Alexander, G. and Alexandre, G. and Alexopoulos, T. and Alhroob, M. and Alimonti, G. and Alio, L. and Alison, J. and Allbrooke, B. M. M. and Allison, L. J. and Allport, P. P. and Almond, J. and Aloisio, A. and Alonso, A. and Alonso, F. and Alpigiani, C. and Altheimer, A. and Gonzalez, B. Alvarez and Alviggi, M. G. and Amako, K. and Coutinho, Y. Amaral and Amelung, C. and Amidei, D. and Santos, S. P. Amor Dos and Amorim, A. and Amoroso, S. and Amram, N. and Amundsen, G. and Anastopoulos, C. and Ancu, L. S. and Andari, N. and Andeen, T. and Anders, C. F. and Anders, G. and Anderson, K. J. and Andreazza, A. and Andrei, V. and Anduaga, X. S. and Angelidakis, S. and Angelozzi, I. and Anger, P. and Angerami, A. and Anghinolfi, F. and Anisenkov, A. V. and Anjos, N. and Annovi, A. and Antonaki, A. and Antonelli, M. and Antonov, A. and Antos, J. and Anulli, F. and Aoki, M. and Bella, L. Aperio and Apolle, R. and Arabidze, G. and Aracena, I. and Arai, Y. and Araque, J. P. and Arce, A. T. H. and Arguin, J. F. and Argyropoulos, S. and Arik, M. and Armbruster, A. J. and Arnaez, O. and Arnal, V. and others },
   title = {Search for squarks and gluinos with the ATLAS detector in final states with jets and missing transverse momentum using s = 8 $$ \sqrt{s}=8 $$ TeV proton-proton collision data},
   journal = {Journal of High Energy Physics},
   volume = {2014},
   number = {9},
   pages = {176},
   ISSN = {1029-8479},
   DOI = {10.1007/JHEP09(2014)176},
   url = {https://doi.org/10.1007/JHEP09(2014)176},
   year = {2014},
   type = {Journal Article}
}

@article{RN539,
   author = {Abbiendi, G. and Ackerstaff, K. and Alexander, G. and Allison, J. and Altekamp, N. and Anderson, K. J. and Anderson, S. and Arcelli, S. and Asai, S. and Ashby, S. F. and Axen, D. and Azuelos, G. and Ball, A. H. and Barberio, E. and Barlow, R. J. and Bartoldus, R. and Batley, J. R. and Baumann, S. and Bechtluft, J. and Behnke, T. and Bell, K. W. and Bella, G. and Bellerive, A. and Bentvelsen, S. and Bethke, S. and Betts, S. and Biebel, O. and Biguzzi, A. and Bird, S. D. and Blobel, V. and Bloodworth, I. J. and Bock, P. and Böhme, J. and Bonacorsi, D. and Boutemeur, M. and Braibant, S. and Bright-Thomas, P. and Brigliadori, L. and Brown, R. M. and Burckhart, H. J. and Capiluppi, P. and Carnegie, R. K. and Carter, A. A. and Carter, J. R. and Chang, C. Y. and Charlton, D. G. and Chrisman, D. and Ciocca, C. and Clarke, P. E. L. and Clay, E. and Cohen, I. and Conboy, J. E. and Cooke, O. C. and Couyoumtzelis, C. and Coxe, R. L. and Cuffiani, M. and Dado, S. and Dallavalle, G. M. and Davis, R. and De Jong, S. and de Roeck, A. and Dervan, P. and Desch, K. and Dienes, B. and Dixit, M. S. and Dubbert, J. and Duchovni, E. and Duckeck, G. and Duerdoth, I. P. and Eatough, D. and Estabrooks, P. G. and Etzion, E. and Fabbri, F. and Fanti, M. and Faust, A. A. and Fiedler, F. and Fierro, M. and Fleck, I. and Folman, R. and Fürtjes, A. and Futyan, D. I. and Gagnon, P. and Gary, J. W. and Gascon, J. and Gascon-Shotkin, S. M. and Gaycken, G. and Geich-Gimbel, C. and Giacomelli, G. and Giacomelli, P. and Gibson, V. and Gibson, W. R. and Gingrich, D. M. and Glenzinski, D. and Goldberg, J. and Gorn, W. and Grandi, C. and Graham, K. and Gross, E. and Grunhaus, J. and Gruwé, M. and others },
   title = {Search for baryon and lepton number violating Z0 decays},
   journal = {Physics Letters B},
   volume = {447},
   number = {1–2},
   pages = {157-166},
   ISSN = {0370-2693},
   DOI = {https://doi.org/10.1016/S0370-2693(98)01570-6},
   url = {http://www.sciencedirect.com/science/article/pii/S0370269398015706},
   year = {1999},
   type = {Journal Article}
}

@article{RN90,
   author = {Abe, Hiroyuki and Kobayashi, Tatsuo and Omura, Yuji},
   title = {Relaxed fine-tuning in models with nonuniversal gaugino masses},
   journal = {Physical Review D},
   volume = {76},
   number = {1},
   pages = {015002},
   url = {https://link.aps.org/doi/10.1103/PhysRevD.76.015002},
   year = {2007},
   type = {Journal Article}
}

@article{RN285,
   author = {Abel, S. A. and Allanach, B. C.},
   title = {The quasi-fixed Minimal Supersymmetric Standard Model},
   journal = {Physics Letters B},
   volume = {415},
   number = {4},
   pages = {371-382},
   ISSN = {0370-2693},
   DOI = {http://dx.doi.org/10.1016/S0370-2693(97)01274-4},
   url = {http://www.sciencedirect.com/science/article/pii/S0370269397012744},
   year = {1997},
   type = {Journal Article}
}

@article{RN778,
   author = {Abel, S. A. and Savoy, C. A.},
   title = {On metastability in supersymmetric models},
   journal = {Nuclear Physics B},
   volume = {532},
   number = {1},
   pages = {3-27},
   ISSN = {0550-3213},
   DOI = {https://doi.org/10.1016/S0550-3213(98)00450-7},
   url = {http://www.sciencedirect.com/science/article/pii/S0550321398004507},
   year = {1998},
   type = {Journal Article}
}

@book{RN780,
   author = {Abramowitz, M. and Stegun, I.A.},
   title = {Handbook of Mathematical Functions: With Formulas, Graphs, and Mathematical Tables},
   publisher = {Dover Publications},
   ISBN = {9780486612720},
   url = {https://books.google.com.au/books?id=MtU8uP7XMvoC},
   year = {1965},
   type = {Book}
}

@article{RN195,
   author = {Acharya, Bobby S. and Bo\.{z}ek, Krzysztof and Pongkitivanichkul, Chakrit and Sakurai, Kazuki},
   title = {Prospects for observing charginos and neutralinos at a 100 TeV proton-proton collider},
   journal = {Journal of High Energy Physics},
   volume = {2015},
   number = {2},
   pages = {181},
   ISSN = {1029-8479},
   DOI = {10.1007/JHEP02(2015)181},
   url = {http://dx.doi.org/10.1007/JHEP02(2015)181},
   year = {2015},
   type = {Journal Article}
}

@article{RN506,
   author = {Adam, G. Riess and Alexei, V. Filippenko and Peter, Challis and Alejandro, Clocchiatti and Alan, Diercks and Peter, M. Garnavich and Ron, L. Gilliland and Craig, J. Hogan and Saurabh, Jha and Robert, P. Kirshner and Leibundgut, B. and Phillips, M. M. and David, Reiss and Brian, P. Schmidt and Robert, A. Schommer and Smith, R. Chris and Spyromilio, J. and Christopher, Stubbs and Nicholas, B. Suntzeff and John, Tonry},
   title = {Observational Evidence from Supernovae for an Accelerating Universe and a Cosmological Constant},
   journal = {The Astronomical Journal},
   volume = {116},
   number = {3},
   pages = {1009},
   ISSN = {1538-3881},
   url = {http://stacks.iop.org/1538-3881/116/i=3/a=1009},
   year = {1998},
   type = {Journal Article}
}

@article{RN143,
   author = {Ajaib, M. Adeel and Dutta, Bhaskar and Ghosh, Tathagata and Gogoladze, Ilia and Shafi, Qaisar},
   title = {Neutralinos and sleptons at the LHC in light of muon $(g\ensuremath{-}2{)}_{\ensuremath{\mu}}$},
   journal = {Physical Review D},
   volume = {92},
   number = {7},
   pages = {075033},
   url = {https://link.aps.org/doi/10.1103/PhysRevD.92.075033},
   year = {2015},
   type = {Journal Article}
}

@article{RN646,
   author = {Akerib, D. S. and Bai, X. and Bedikian, S. and Bernard, E. and Bernstein, A. and Bolozdynya, A. and Bradley, A. and Byram, D. and Cahn, S. B. and Camp, C. and Carmona-Benitez, M. C. and Carr, D. and Chapman, J. J. and Chiller, A. and Chiller, C. and Clark, K. and Classen, T. and Coffey, T. and Curioni, A. and Dahl, E. and Dazeley, S. and de Viveiros, L. and Dobi, A. and Dragowsky, E. and Druszkiewicz, E. and Edwards, B. and Faham, C. H. and Fiorucci, S. and Gaitskell, R. J. and Gibson, K. R. and Gilchriese, M. and Hall, C. and Hanhardt, M. and Holbrook, B. and Ihm, M. and Jacobsen, R. G. and Kastens, L. and Kazkaz, K. and Knoche, R. and Kyre, S. and Kwong, J. and Lander, R. and Larsen, N. A. and Lee, C. and Leonard, D. S. and Lesko, K. T. and Lindote, A. and Lopes, M. I. and Lyashenko, A. and Malling, D. C. and Mannino, R. and Marquez, Z. and McKinsey, D. N. and Mei, D. M. and Mock, J. and Moongweluwan, M. and Morii, M. and Nelson, H. and Neves, F. and Nikkel, J. A. and Pangilinan, M. and Parker, P. D. and Pease, E. K. and Pech, K. and Phelps, P. and Rodionov, A. and Roberts, P. and Shei, A. and Shutt, T. and Silva, C. and Skulski, W. and Solovov, V. N. and Sofka, C. J. and Sorensen, P. and Spaans, J. and Stiegler, T. and Stolp, D. and Svoboda, R. and Sweany, M. and Szydagis, M. and Taylor, D. and Thomson, J. and Tripathi, M. and Uvarov, S. and Verbus, J. R. and Walsh, N. and Webb, R. and White, D. and White, J. T. and Whitis, T. J. and Wlasenko, M. and Wolfs, F. L. H. and Woods, M. and Zhang, C.},
   title = {The Large Underground Xenon (LUX) experiment},
   journal = {Nuclear Instruments and Methods in Physics Research Section A: Accelerators, Spectrometers, Detectors and Associated Equipment},
   volume = {704},
   pages = {111-126},
   ISSN = {0168-9002},
   DOI = {https://doi.org/10.1016/j.nima.2012.11.135},
   url = {http://www.sciencedirect.com/science/article/pii/S0168900212014829},
   year = {2013},
   type = {Journal Article}
}

@article{RN705,
   author = {Akula, Sujeet and Liu, Mengxi and Nath, Pran and Peim, Gregory},
   title = {Naturalness, supersymmetry and implications for LHC and dark matter},
   journal = {Physics Letters B},
   volume = {709},
   number = {3},
   pages = {192-199},
   ISSN = {0370-2693},
   DOI = {https://doi.org/10.1016/j.physletb.2012.01.077},
   url = {http://www.sciencedirect.com/science/article/pii/S0370269312001189},
   year = {2012},
   type = {Journal Article}
}

@article{RN761,
   author = {Allanach, B. C. and Balázs, C. and Bélanger, G. and Bernhardt, M. and Boudjema, F. and Choudhury, D. and Desch, K. and Ellwanger, U. and Gambino, P. and Godbole, R. and Goto, T. and Guasch, J. and Guchait, M. and Hahn, T. and Heinemeyer, S. and Hugonie, C. and Hurth, T. and Kraml, S. and Kreiss, S. and Lykken, J. and Moortgat, F. and Moretti, S. and Peñaranda, S. and Plehn, T. and Porod, W. and Pukhov, A. and Richardson, P. and Schumacher, M. and Silvestrini, L. and Skands, P. and Slavich, P. and Spira, M. and Weiglein, G. and Wienemann, P.},
   title = {SUSY Les Houches Accord 2},
   journal = {Computer Physics Communications},
   volume = {180},
   number = {1},
   pages = {8-25},
   ISSN = {0010-4655},
   DOI = {https://doi.org/10.1016/j.cpc.2008.08.004},
   url = {http://www.sciencedirect.com/science/article/pii/S0010465508002737},
   year = {2009},
   type = {Journal Article}
}

@article{RN560,
   author = {Alvarez-Gaum\'{e}, Luis and Claudson, Mark and Wise, Mark B.},
   title = {Low-energy supersymmetry},
   journal = {Nuclear Physics B},
   volume = {207},
   number = {1},
   pages = {96-110},
   ISSN = {0550-3213},
   DOI = {https://doi.org/10.1016/0550-3213(82)90138-9},
   url = {http://www.sciencedirect.com/science/article/pii/0550321382901389},
   year = {1982},
   type = {Journal Article}
}

@article{RN563,
   author = {Alvarez-Gaum\'{e}, Luis and Polchinski, J. and Wise, Mark B.},
   title = {Minimal low-energy supergravity},
   journal = {Nuclear Physics B},
   volume = {221},
   number = {2},
   pages = {495-523},
   ISSN = {0550-3213},
   DOI = {https://doi.org/10.1016/0550-3213(83)90591-6},
   url = {http://www.sciencedirect.com/science/article/pii/0550321383905916},
   year = {1983},
   type = {Journal Article}
}

@article{RN610,
   author = {Alwall, J. and Frederix, R. and Frixione, S. and Hirschi, V. and Maltoni, F. and Mattelaer, O. and Shao, H. S. and Stelzer, T. and Torrielli, P. and Zaro, M.},
   title = {The automated computation of tree-level and next-to-leading order differential cross sections, and their matching to parton shower simulations},
   journal = {Journal of High Energy Physics},
   volume = {2014},
   number = {7},
   pages = {79},
   ISSN = {1029-8479},
   DOI = {10.1007/JHEP07(2014)079},
   url = {https://doi.org/10.1007/JHEP07(2014)079},
   year = {2014},
   type = {Journal Article}
}

@article{RN531,
   author = {An, F. P. and Bai, J. Z. and Balantekin, A. B. and Band, H. R. and Beavis, D. and Beriguete, W. and Bishai, M. and Blyth, S. and Boddy, K. and Brown, R. L. and Cai, B. and Cao, G. F. and Cao, J. and Carr, R. and Chan, W. T. and Chang, J. F. and Chang, Y. and Chasman, C. and Chen, H. S. and Chen, H. Y. and Chen, S. J. and Chen, S. M. and Chen, X. C. and Chen, X. H. and Chen, X. S. and Chen, Y. and Chen, Y. X. and Cherwinka, J. J. and Chu, M. C. and Cummings, J. P. and Deng, Z. Y. and Ding, Y. Y. and Diwan, M. V. and Dong, L. and Draeger, E. and Du, X. F. and Dwyer, D. A. and Edwards, W. R. and Ely, S. R. and Fang, S. D. and Fu, J. Y. and Fu, Z. W. and Ge, L. Q. and Ghazikhanian, V. and Gill, R. L. and Goett, J. and Gonchar, M. and Gong, G. H. and Gong, H. and Gornushkin, Y. A. and Greenler, L. S. and Gu, W. Q. and Guan, M. Y. and Guo, X. H. and Hackenburg, R. W. and Hahn, R. L. and Hans, S. and He, M. and He, Q. and He, W. S. and Heeger, K. M. and Heng, Y. K. and Hinrichs, P. and Ho, T. H. and Hor, Y. K. and Hsiung, Y. B. and Hu, B. Z. and Hu, T. and Hu, T. and Huang, H. X. and Huang, H. Z. and Huang, P. W. and Huang, X. and Huang, X. T. and Huber, P. and Isvan, Z. and Jaffe, D. E. and Jetter, S. and Ji, X. L. and Ji, X. P. and Jiang, H. J. and Jiang, W. Q. and Jiao, J. B. and Johnson, R. A. and Kang, L. and Kettell, S. H. and Kramer, M. and Kwan, K. K. and Kwok, M. W. and Kwok, T. and Lai, C. Y. and Lai, W. C. and Lai, W. H. and Lau, K. and Lebanowski, L. and Lee, J. and Lee, M. K. P. and Leitner, R. and Leung, J. K. C. and Leung, K. Y. and others },
   title = {Observation of Electron-Antineutrino Disappearance at Daya Bay},
   journal = {Physical Review Letters},
   volume = {108},
   number = {17},
   pages = {171803},
   url = {https://link.aps.org/doi/10.1103/PhysRevLett.108.171803},
   year = {2012},
   type = {Journal Article}
}

@article{RN701,
   author = {Anderson, Greg W. and Casta\~{n}o, Diego J.},
   title = {Measures of fine tuning},
   journal = {Physics Letters B},
   volume = {347},
   number = {3},
   pages = {300-308},
   ISSN = {0370-2693},
   DOI = {https://doi.org/10.1016/0370-2693(95)00051-L},
   url = {http://www.sciencedirect.com/science/article/pii/037026939500051L},
   year = {1995},
   type = {Journal Article}
}

@article{RN703,
   author = {Anderson, Greg W. and Casta\~{n}o, Diego J.},
   title = {Naturalness and superpartner masses or when to give up on weak scale supersymmetry},
   journal = {Physical Review D},
   volume = {52},
   number = {3},
   pages = {1693-1700},
   url = {https://link.aps.org/doi/10.1103/PhysRevD.52.1693},
   year = {1995},
   type = {Journal Article}
}

@article{RN784,
   author = {Anirban, Biswas and Aritra, Gupta},
   title = {Freeze-in production of sterile neutrino dark matter in U(1) B−L model},
   journal = {Journal of Cosmology and Astroparticle Physics},
   volume = {2016},
   number = {09},
   pages = {044},
   ISSN = {1475-7516},
   url = {http://stacks.iop.org/1475-7516/2016/i=09/a=044},
   year = {2016},
   type = {Journal Article}
}

@article{RN783,
   author = {Anirban, Biswas and Aritra, Gupta},
   title = {Addendum: Freeze-in production of sterile neutrino dark matter in U(1)B–L model},
   journal = {Journal of Cosmology and Astroparticle Physics},
   volume = {2017},
   number = {05},
   pages = {A01},
   ISSN = {1475-7516},
   url = {http://stacks.iop.org/1475-7516/2017/i=05/a=A01},
   year = {2017},
   type = {Journal Article}
}

@article{RN719,
   author = {Antusch, Stefan and Calibbi, Lorenzo and Maurer, Vinzenz and Monaco, Maurizio and Spinrath, Martin},
   title = {Naturalness and GUT scale Yukawa coupling ratios in the constrained MSSM},
   journal = {Physical Review D},
   volume = {85},
   number = {3},
   pages = {035025},
   url = {https://link.aps.org/doi/10.1103/PhysRevD.85.035025},
   year = {2012},
   type = {Journal Article}
}

@article{RN720,
   author = {Antusch, Stefan and Calibbi, Lorenzo and Maurer, Vinzenz and Monaco, Maurizio and Spinrath, Martin},
   title = {Naturalness of the non-universal MSSM in the light of the recent Higgs results},
   journal = {Journal of High Energy Physics},
   volume = {2013},
   number = {1},
   pages = {187},
   ISSN = {1029-8479},
   DOI = {10.1007/JHEP01(2013)187},
   url = {https://doi.org/10.1007/JHEP01(2013)187},
   year = {2013},
   type = {Journal Article}
}

@article{RN105,
   author = {Aoyama, Tatsumi and Hayakawa, Masashi and Kinoshita, Toichiro and Nio, Makiko},
   title = {Complete Tenth-Order QED Contribution to the Muon $g\mathbf{\ensuremath{-}}2$},
   journal = {Physical Review Letters},
   volume = {109},
   number = {11},
   pages = {111808},
   url = {https://link.aps.org/doi/10.1103/PhysRevLett.109.111808},
   year = {2012},
   type = {Journal Article}
}

@article{RN625,
   author = {Aoyama, Tatsumi and Hayakawa, Masashi and Kinoshita, Toichiro and Nio, Makiko},
   title = {Tenth-Order QED Contribution to the Electron $g\mathbf{\ensuremath{-}}2$ and an Improved Value of the Fine Structure Constant},
   journal = {Physical Review Letters},
   volume = {109},
   number = {11},
   pages = {111807},
   url = {https://link.aps.org/doi/10.1103/PhysRevLett.109.111807},
   year = {2012},
   type = {Journal Article}
}

@inbook{RN177,
   author = {Aprile, Elena},
   title = {The Xenon1T Dark Matter Search Experiment},
   booktitle = {Sources and Detection of Dark Matter and Dark Energy in the Universe: Proceedings of the 10th UCLA Symposium on Sources and Detection of Dark Matter and Dark Energy in the Universe, February 22-24, 2012, Marina del Rey, California},
   editor = {Cline, David},
   publisher = {Springer Netherlands},
   address = {Dordrecht},
   pages = {93-96},
   ISBN = {978-94-007-7241-0},
   DOI = {10.1007/978-94-007-7241-0_14},
   url = {http://dx.doi.org/10.1007/978-94-007-7241-0_14},
   year = {2013},
   type = {Book Section}
}

@article{RN770,
      author         = "Aprile, E. and others",
      title          = "{Dark Matter Search Results from a One Tonne$\times$Year
                        Exposure of XENON1T}",
      collaboration  = "XENON",
      year           = "2018",
      eprint         = "arXiv:1805.12562 [astro-ph]",
      archivePrefix  = "arXiv",
      primaryClass   = "astro-ph.CO",
      SLACcitation   = "%%CITATION = ARXIV:1805.12562;%%"
}

@article{RN647,
   author = {Aprile, E. and Arisaka, K. and Arneodo, F. and Askin, A. and Baudis, L. and Behrens, A. and Brown, E. and Cardoso, J. M. R. and Choi, B. and Cline, D. and Fattori, S. and Ferella, A. D. and Giboni, K. L. and Kish, A. and Lam, C. W. and Lang, R. F. and Lim, K. E. and Lopes, J. A. M. and Marrodán Undagoitia, T. and Mei, Y. and Melgarejo Fernandez, A. J. and Ni, K. and Oberlack, U. and Orrigo, S. E. A. and Pantic, E. and Plante, G. and Ribeiro, A. C. C. and Santorelli, R. and dos Santos, J. M. F. and Schumann, M. and Shagin, P. and Teymourian, A. and Tziaferi, E. and Wang, H. and Yamashita, M.},
   title = {The XENON100 dark matter experiment},
   journal = {Astroparticle Physics},
   volume = {35},
   number = {9},
   pages = {573-590},
   ISSN = {0927-6505},
   DOI = {https://doi.org/10.1016/j.astropartphys.2012.01.003},
   url = {http://www.sciencedirect.com/science/article/pii/S0927650512000059},
   year = {2012},
   type = {Journal Article}
}

@article{RN175,
   author = {Arkani-Hamed, N. and Delgado, A. and Giudice, G. F.},
   title = {The well-tempered neutralino},
   journal = {Nuclear Physics B},
   volume = {741},
   number = {1–2},
   pages = {108-130},
   ISSN = {0550-3213},
   DOI = {https://doi.org/10.1016/j.nuclphysb.2006.02.010},
   url = {http://www.sciencedirect.com/science/article/pii/S0550321306001167},
   year = {2006},
   type = {Journal Article}
}

@article{RN619,
   author = {Arkani-Hamed, Nima and Han, Tao and Mangano, Michelangelo and Wang, Lian-Tao},
   title = {Physics opportunities of a 100 TeV proton–proton collider},
   journal = {Physics Reports},
   volume = {652},
   pages = {1-49},
   ISSN = {0370-1573},
   DOI = {https://doi.org/10.1016/j.physrep.2016.07.004},
   url = {http://www.sciencedirect.com/science/article/pii/S0370157316301855},
   year = {2016},
   type = {Journal Article}
}

@article{RN724,
   author = {Arvanitaki, Asimina and Baryakhtar, Masha and Huang, Xinlu and Van Tilburg, Ken and Villadoro, Giovanni},
   title = {The last vestiges of naturalness},
   journal = {Journal of High Energy Physics},
   volume = {2014},
   number = {3},
   pages = {22},
   ISSN = {1029-8479},
   DOI = {10.1007/JHEP03(2014)022},
   url = {https://doi.org/10.1007/JHEP03(2014)022},
   year = {2014},
   type = {Journal Article}
}

@article{RN773,
      author         = "Asner, D. and others",
      title          = "{Averages of $b$-hadron, $c$-hadron, and $\tau$-lepton
                        properties}",
      collaboration  = "Heavy Flavor Averaging Group",
      year           = "2010",
      eprint         = "arXiv:1010.1589 [hep-ph]",
      archivePrefix  = "arXiv",
      primaryClass   = "hep-ex",
      SLACcitation   = "%%CITATION = ARXIV:1010.1589;%%"
}

@article{RN570,
   author = {Avila, C. and Gomez, J. P.},
   title = {Search for direct production of pairs of stops at by the CMS experiment},
   journal = {Nuclear and Particle Physics Proceedings},
   volume = {267},
   pages = {290-293},
   ISSN = {2405-6014},
   DOI = {http://dx.doi.org/10.1016/j.nuclphysbps.2015.10.120},
   url = {http://www.sciencedirect.com/science/article/pii/S2405601415010792},
   year = {2015},
   type = {Journal Article}
}

@article{RN666,
   author = {Azatov, Aleksandr and Contino, Roberto and Galloway, Jamison},
   title = {Model-independent bounds on a light Higgs},
   journal = {Journal of High Energy Physics},
   volume = {2012},
   number = {4},
   pages = {127},
   ISSN = {1029-8479},
   DOI = {10.1007/JHEP04(2012)127},
   url = {https://doi.org/10.1007/JHEP04(2012)127},
   year = {2012},
   type = {Journal Article}
}

@article{RN141,
author = {Babu, K.  S and Gogoladze, Ilia and Shafi, Qaisar and \:{U}n, Cem Salih},
   title = {Muon $g\ensuremath{-}2$, 125 GeV Higgs boson, and neutralino dark matter in a flavor symmetry-based MSSM},
   journal = {Physical Review D},
   volume = {90},
   number = {11},
   pages = {116002},
   url = {https://link.aps.org/doi/10.1103/PhysRevD.90.116002},
   year = {2014},
   type = {Journal Article}
}

@article{RN588,
   author = {Babu, K. S. and Kolda, Christopher},
   title = {Higgs-Mediated ${\mathit{B}}^{0}\ensuremath{\rightarrow}{\mathit{\ensuremath{\mu}}}^{+}{\mathit{\ensuremath{\mu}}}^{\ensuremath{-}}$ in Minimal Supersymmetry},
   journal = {Physical Review Letters},
   volume = {84},
   number = {2},
   pages = {228-231},
   url = {https://link.aps.org/doi/10.1103/PhysRevLett.84.228},
   year = {2000},
   type = {Journal Article}
}

@article{RN782,
   author = {Babu, K.  S and Mohapatra, Rabindra N.},
   title = {7 keV scalar dark matter and the anomalous extragalactic x-ray spectrum},
   journal = {Physical Review D},
   volume = {89},
   number = {11},
   pages = {115011},
   DOI = {10.1103/PhysRevD.89.115011},
   url = {https://link.aps.org/doi/10.1103/PhysRevD.89.115011},
   year = {2014},
   type = {Journal Article}
}

@article{RN297,
author = {Bach, Markus and Park, Jae-hyeon and St\"{o}ckinger, Dominik and St\"{o}ckinger-Kim, Hyejung},
   title = {Large muon $(g-2)$ with TeV-scale SUSY masses for $\tan\beta\to\infty$},
   journal = {JHEP},
   volume = {1510},
   pages = {026},
   DOI = {10.1007/JHEP10(2015)026},
   year = {2015},
   type = {Journal Article}
}

@article{RN751,
   author = {Badziak, Marcin and Krippendorf, Sven and Nilles, Hans Peter and Winkler, Martin Wolfgang},
   title = {The heterotic MiniLandscape and the 126 GeV Higgs boson},
   journal = {Journal of High Energy Physics},
   volume = {2013},
   number = {3},
   pages = {94},
   ISSN = {1029-8479},
   DOI = {10.1007/JHEP03(2013)094},
   url = {https://doi.org/10.1007/JHEP03(2013)094},
   year = {2013},
   type = {Journal Article}
}

@article{RN673,
   author = {Baek, S. and Jang, J. H. and Ko, P. and Park, J. H.},
   title = {Gluino–squark contributions to CP violations in the kaon system},
   journal = {Nuclear Physics B},
   volume = {609},
   number = {3},
   pages = {442-468},
   ISSN = {0550-3213},
   DOI = {https://doi.org/10.1016/S0550-3213(01)00312-1},
   url = {http://www.sciencedirect.com/science/article/pii/S0550321301003121},
   year = {2001},
   type = {Journal Article}
}

@article{RN684,
   author = {Baer, Howard and Barger, Vernon and Huang, Peisi and Mickelson, Dan and Mustafayev, Azar and Tata, Xerxes},
   title = {Radiative natural supersymmetry: Reconciling electroweak fine-tuning and the Higgs boson mass},
   journal = {Physical Review D},
   volume = {87},
   number = {11},
   pages = {115028},
   url = {https://link.aps.org/doi/10.1103/PhysRevD.87.115028},
   year = {2013},
   type = {Journal Article}
}

@article{RN685,
   author = {Baer, Howard and Barger, Vernon and Huang, Peisi and Mustafayev, Azar and Tata, Xerxes},
   title = {Radiative Natural Supersymmetry with a 125 GeV Higgs Boson},
   journal = {Physical Review Letters},
   volume = {109},
   number = {16},
   pages = {161802},
   url = {https://link.aps.org/doi/10.1103/PhysRevLett.109.161802},
   year = {2012},
   type = {Journal Article}
}

@article{RN686,
   author = {Baer, Howard and Barger, Vernon and Huang, Peisi and Tata, Xerxes},
   title = {Natural supersymmetry: LHC, dark matter and ILC searches},
   journal = {Journal of High Energy Physics},
   volume = {2012},
   number = {5},
   pages = {109},
   ISSN = {1029-8479},
   DOI = {10.1007/JHEP05(2012)109},
   url = {https://doi.org/10.1007/JHEP05(2012)109},
   year = {2012},
   type = {Journal Article}
}

@article{RN690,
   author = {Baer, Howard and Barger, Vernon and Mickelson, Dan},
   title = {Direct and indirect detection of higgsino-like WIMPs: Concluding the story of electroweak naturalness},
   journal = {Physics Letters B},
   volume = {726},
   number = {1},
   pages = {330-336},
   ISSN = {0370-2693},
   DOI = {https://doi.org/10.1016/j.physletb.2013.08.060},
   url = {http://www.sciencedirect.com/science/article/pii/S0370269313006990},
   year = {2013},
   type = {Journal Article}
}

@article{RN69,
   author = {Baer, Howard and Barger, Vernon and Padeffke-Kirkland, Maren},
   title = {Electroweak versus high-scale fine tuning in the 19-parameter supergravity model},
   journal = {Physical Review D},
   volume = {88},
   number = {5},
   pages = {055026},
   url = {https://link.aps.org/doi/10.1103/PhysRevD.88.055026},
   year = {2013},
   type = {Journal Article}
}

@article{RN188,
   author = {Baer, Howard and Mustafayev, Azar and Tata, Xerxes},
   title = {Monojets and monophotons from light Higgsino pair production at LHC14},
   journal = {Physical Review D},
   volume = {89},
   number = {5},
   pages = {055007},
   url = {https://link.aps.org/doi/10.1103/PhysRevD.89.055007},
   year = {2014},
   type = {Journal Article}
}

@book{RN526,
   author = {Baer, H. and Tata, X.},
   title = {Weak Scale Supersymmetry: From Superfields to Scattering Events},
   publisher = {Cambridge University Press},
   ISBN = {9781139455077},
   url = {https://books.google.com.au/books?id=QpwM_3PA2KAC},
   year = {2006},
   type = {Book}
}

@article{RN742,
   author = {Bagger, Jonathan and Matchev, Konstantin and Pierce, Damien},
   title = {Precision corrections to supersymmetric unification},
   journal = {Physics Letters B},
   volume = {348},
   number = {3},
   pages = {443-450},
   ISSN = {0370-2693},
   DOI = {https://doi.org/10.1016/0370-2693(95)00207-2},
   url = {http://www.sciencedirect.com/science/article/pii/0370269395002072},
   year = {1995},
   type = {Journal Article}
}

@article{RN798,
   author = {Bajc, Borut and Riotto, Antonio and Senjanovi\'{c}, Goran},
   title = {Large Lepton Number of the Universe and the Fate of Topological Defects},
   journal = {Physical Review Letters},
   volume = {81},
   number = {7},
   pages = {1355-1358},
   DOI = {10.1103/PhysRevLett.81.1355},
   url = {https://link.aps.org/doi/10.1103/PhysRevLett.81.1355},
   year = {1998},
   type = {Journal Article}
}

@article{RN788,
   author = {Bajc, Borut and Riotto, Antonio and Senjanovi\'{c}, Goran},
   title = {R-CHARGE KILLS MONOPOLES},
   journal = {Modern Physics Letters A},
   volume = {13},
   number = {36},
   pages = {2955-2964},
   DOI = {10.1142/s0217732398003132},
   url = {https://www.worldscientific.com/doi/abs/10.1142/S0217732398003132},
   year = {1998},
   type = {Journal Article}
}

@article{RN792,
   author = {Bajc, Borut and Senjanovi\'{c}, Goran},
   title = {Large lepton number and high temperature symmetry breaking in MSSM},
   journal = {Physics Letters B},
   volume = {472},
   number = {3},
   pages = {373-381},
   ISSN = {0370-2693},
   DOI = {https://doi.org/10.1016/S0370-2693(99)01432-X},
   url = {http://www.sciencedirect.com/science/article/pii/S037026939901432X},
   year = {2000},
   type = {Journal Article}
}

@article{RN739,
   author = {Baker, Michael J. and Kopp, Joachim},
   title = {Dark Matter Decay between Phase Transitions at the Weak Scale},
   journal = {Physical Review Letters},
   volume = {119},
   number = {6},
   pages = {061801},
   url = {https://link.aps.org/doi/10.1103/PhysRevLett.119.061801},
   year = {2017},
   type = {Journal Article}
}

@article{RN544,
   author = {Barbieri, R. and Ferrara, S. and Savoy, C. A.},
   title = {Gauge models with spontaneously broken local supersymmetry},
   journal = {Physics Letters B},
   volume = {119},
   number = {4–6},
   pages = {343-347},
   ISSN = {0370-2693},
   DOI = {https://doi.org/10.1016/0370-2693(82)90685-2},
   url = {http://www.sciencedirect.com/science/article/pii/0370269382906852},
   year = {1982},
   type = {Journal Article}
}

@article{RN239,
   author = {Barbieri, R. and Giudice, G. F.},
   title = {Upper bounds on supersymmetric particle masses},
   journal = {Nuclear Physics B},
   volume = {306},
   number = {1},
   pages = {63-76},
   ISSN = {0550-3213},
   DOI = {http://dx.doi.org/10.1016/0550-3213(88)90171-X},
   url = {http://www.sciencedirect.com/science/article/pii/055032138890171X},
   year = {1988},
   type = {Journal Article}
}

@article{RN621,
   author = {Barducci, D. and Belanger, G. and Bernon, J. and Boudjema, F. and Da Silva, J. and Kraml, S. and Laa, U. and Pukhov, A.},
   title = {Collider limits on new physics within micrOMEGAs_4.3},
   journal = {Comput.Phys.Commun.},
   volume = {222},
   pages = {327-338},
   DOI = {10.1016/j.cpc.2017.08.028},
   year = {2018},
   type = {Journal Article}
}

@article{RN309,
   author = {Barr, Alan and Scoville, James},
   title = {A boost for the EW SUSY hunt: monojet-like search for compressed sleptons at LHC14 with 100 fb−1},
   journal = {Journal of High Energy Physics},
   volume = {2015},
   number = {4},
   pages = {147},
   ISSN = {1029-8479},
   DOI = {10.1007/JHEP04(2015)147},
   url = {http://dx.doi.org/10.1007/JHEP04(2015)147},
   year = {2015},
   type = {Journal Article}
}

@article{RN764,
    author  = "Barrie, Neil D. and Kobakhidze, Archil and Liang, Shelley
                        and Talia, Matthew and Wu, Lei",
    title   = "{Heavy Leptonium as the Origin of the 750 GeV Diphoton
                    Excess}",
    year           = "2016",
    eprint         = "arXiv:1604.02803 [hep-ph]",
    archivePrefix  = "arXiv",
    primaryClass   = "hep-ph",
    SLACcitation   = "%%CITATION = ARXIV:1604.02803;%%"
}

@article{RN765,
   author = {Barrie, Neil D. and Kobakhidze, Archil and Liang, Shelley and Talia, Matthew and Wu, Lei},
   title = {Exotic lepton searches via bound state production at the LHC},
   journal = {Physics Letters B},
   volume = {781},
   pages = {364-367},
   ISSN = {0370-2693},
   DOI = {https://doi.org/10.1016/j.physletb.2018.03.087},
   url = {http://www.sciencedirect.com/science/article/pii/S0370269318302831},
   year = {2018},
   type = {Journal Article}
}

@article{RN763,
   author = {Barrie, Neil D. and Kobakhidze, Archil and Talia, Matthew and Wu, Lei},
   title = {750 GeV composite axion as the LHC diphoton resonance},
   journal = {Physics Letters B},
   volume = {755},
   pages = {343-347},
   ISSN = {0370-2693},
   DOI = {https://doi.org/10.1016/j.physletb.2016.02.010},
   url = {https://www.sciencedirect.com/science/article/pii/S0370269316001064},
   year = {2016},
   type = {Journal Article}
}

@article{RN709,
   author = {Bastero-Gil, M. and Kane, G. L. and King, S. F.},
   title = {Fine-tuning constraints on supergravity models},
   journal = {Physics Letters B},
   volume = {474},
   number = {1},
   pages = {103-112},
   ISSN = {0370-2693},
   DOI = {https://doi.org/10.1016/S0370-2693(00)00002-2},
   url = {http://www.sciencedirect.com/science/article/pii/S0370269300000022},
   year = {2000},
   type = {Journal Article}
}

@article{RN624,
   author = {Bechtle, Philip and Brein, Oliver and Heinemeyer, Sven and Stål, Oscar and Stefaniak, Tim and Weiglein, Georg and Williams, Karina E.},
   title = {HiggsBounds-4: improved tests of extended Higgs sectors against exclusion bounds from LEP, the Tevatron and the LHC},
   journal = {The European Physical Journal C},
   volume = {74},
   number = {3},
   pages = {2693},
   ISSN = {1434-6052},
   DOI = {10.1140/epjc/s10052-013-2693-2},
   url = {https://doi.org/10.1140/epjc/s10052-013-2693-2},
   year = {2014},
   type = {Journal Article}
}

@article{RN170,
   author = {Bechtle, P. and Brein, O. and Heinemeyer, S. and Weiglein, G. and Williams, K. E.},
   title = {HiggsBounds: Confronting arbitrary Higgs sectors with exclusion bounds from LEP and the Tevatron},
   journal = {Computer Physics Communications},
   volume = {181},
   number = {1},
   pages = {138-167},
   ISSN = {0010-4655},
   DOI = {https://doi.org/10.1016/j.cpc.2009.09.003},
   url = {http://www.sciencedirect.com/science/article/pii/S0010465509002823},
   year = {2010},
   type = {Journal Article}
}

@article{RN169,
   author = {Bechtle, P. and Brein, O. and Heinemeyer, S. and Weiglein, G. and Williams, K. E.},
   title = {HiggsBounds 2.0.0: Confronting neutral and charged Higgs sector predictions with exclusion bounds from LEP and the Tevatron},
   journal = {Computer Physics Communications},
   volume = {182},
   number = {12},
   pages = {2605-2631},
   ISSN = {0010-4655},
   DOI = {https://doi.org/10.1016/j.cpc.2011.07.015},
   url = {http://www.sciencedirect.com/science/article/pii/S0010465511002621},
   year = {2011},
   type = {Journal Article}
}

@article{RN312,
   author = {Bechtle, Philip and Heinemeyer, Sven and Stal, Oscar and Stefaniak, Tim and Weiglein, Georg},
   title = {Applying exclusion likelihoods from LHC searches to extended Higgs sectors},
   journal = {The European Physical Journal C},
   volume = {75},
   number = {9},
   pages = {421},
   ISSN = {1434-6052},
   DOI = {10.1140/epjc/s10052-015-3650-z},
   url = {http://dx.doi.org/10.1140/epjc/s10052-015-3650-z},
   year = {2015},
   type = {Journal Article}
}

@article{RN615,
      author         = "Beenakker, W. and Hopker, R. and Spira, M.",
      title          = "{PROSPINO: A Program for the production of supersymmetric
                        particles in next-to-leading order QCD}",
      year           = "1996",
      eprint         = "hep-ph/9611232",
      archivePrefix  = "arXiv",
      primaryClass   = "hep-ph",
      SLACcitation   = "%%CITATION = HEP-PH/9611232;%%"
}

@article{RN249,
   author = {Beenakker, Wim and van Daal, Tom and Kleiss, Ronald and Verheyen, Rob},
   title = {Renormalization group invariants in supersymmetric theories: one- and two-loop results},
   journal = {JHEP},
   volume = {1510},
   pages = {014},
   DOI = {10.1007/JHEP10(2015)014},
   year = {2015},
   type = {Journal Article}
}

@article{RN311,
   author = {B\'{e}langer, G. and Boudjema, F. and Pukhov, A. and Semenov, A.},
   title = {micrOMEGAs: A program for calculating the relic density in the MSSM},
   journal = {Computer Physics Communications},
   volume = {149},
   number = {2},
   pages = {103-120},
   ISSN = {0010-4655},
   DOI = {http://dx.doi.org/10.1016/S0010-4655(02)00596-9},
   url = {http://www.sciencedirect.com/science/article/pii/S0010465502005969},
   year = {2002},
   type = {Journal Article}
}

@article{RN620,
   author = {B\'{e}langer, G. and Boudjema, F. and Pukhov, A. and Semenov, A.},
   title = {micrOMEGAs4.1: Two dark matter candidates},
   journal = {Computer Physics Communications},
   volume = {192},
   pages = {322-329},
   ISSN = {0010-4655},
   DOI = {https://doi.org/10.1016/j.cpc.2015.03.003},
   url = {http://www.sciencedirect.com/science/article/pii/S0010465515000922},
   year = {2015},
   type = {Journal Article}
}

@article{RN162,
   author = {Belanger, Genevieve and Drieu La Rochelle, Guillaume and Dumont, Béranger and Godbole, Rohini M. and Kraml, Sabine and Kulkarni, Suchita},
   title = {LHC constraints on light neutralino dark matter in the MSSM},
   journal = {Physics Letters B},
   volume = {726},
   number = {4–5},
   pages = {773-780},
   ISSN = {0370-2693},
   DOI = {https://doi.org/10.1016/j.physletb.2013.09.059},
   url = {http://www.sciencedirect.com/science/article/pii/S0370269313007909},
   year = {2013},
   type = {Journal Article}
}

@article{RN795,
   author = {Benson, Katherine M. and Bernstein, Jeremy and Dodelson, Scott},
   title = {Phase structure and the effective potential at fixed charge},
   journal = {Physical Review D},
   volume = {44},
   number = {8},
   pages = {2480-2497},
   DOI = {10.1103/PhysRevD.44.2480},
   url = {https://link.aps.org/doi/10.1103/PhysRevD.44.2480},
   year = {1991},
   type = {Journal Article}
}

@article{RN584,
   author = {Bertolini, S. and Borzumati, F. and Masiero, A. and Ridolfi, G.},
   title = {Effects of supergravity-induced electroweak breaking on rare b-decays and mixings},
   journal = {Nuclear Physics B},
   volume = {353},
   number = {3},
   pages = {591-649},
   ISSN = {0550-3213},
   DOI = {https://doi.org/10.1016/0550-3213(91)90320-W},
   url = {http://www.sciencedirect.com/science/article/pii/055032139190320W},
   year = {1991},
   type = {Journal Article}
}

@article{RN501,
   author = {Bertone, Gianfranco and Hooper, Dan and Silk, Joseph},
   title = {Particle dark matter: evidence, candidates and constraints},
   journal = {Physics Reports},
   volume = {405},
   number = {5},
   pages = {279-390},
   ISSN = {0370-1573},
   DOI = {http://dx.doi.org/10.1016/j.physrep.2004.08.031},
   url = {http://www.sciencedirect.com/science/article/pii/S0370157304003515},
   year = {2005},
   type = {Journal Article}
}

@article{RN101,
      author         = "Blum, Thomas and Denig, Achim and Logashenko, Ivan and de
                        Rafael, Eduardo and Lee Roberts, B. and Teubner, Thomas
                        and Venanzoni, Graziano",
      title          = "{The Muon (g-2) Theory Value: Present and Future}",
      year           = "2013",
      eprint         = "arXiv:1311.2198 [hep-ph]",
      archivePrefix  = "arXiv",
      primaryClass   = "hep-ph",
      SLACcitation   = "%%CITATION = ARXIV:1311.2198;%%"
}

@article{RN507,
   author = {Brian, P. Schmidt and Nicholas, B. Suntzeff and Phillips, M. M. and Robert, A. Schommer and Alejandro, Clocchiatti and Robert, P. Kirshner and Peter, Garnavich and Peter, Challis and Leibundgut, B. and Spyromilio, J. and Adam, G. Riess and Alexei, V. Filippenko and Mario, Hamuy and Smith, R. Chris and Craig, Hogan and Christopher, Stubbs and Alan, Diercks and David, Reiss and Ron, Gilliland and John, Tonry and José, Maza and Dressler, A. and Walsh, J. and Ciardullo, R.},
   title = {The High-Z Supernova Search: Measuring Cosmic Deceleration and Global Curvature of the Universe Using Type Ia Supernovae},
   journal = {The Astrophysical Journal},
   volume = {507},
   number = {1},
   pages = {46},
   ISSN = {0004-637X},
   url = {http://stacks.iop.org/0004-637X/507/i=1/a=46},
   year = {1998},
   type = {Journal Article}
}

@article{RN645,
   author = {Brink, P. L. and Ahmed, Z. and Akerib, D. S. and Bailey, C. N. and Bauer, D. A. and Beaty, J. and Bunker, R. and Burke, S. and Cabrera, B. and Caldwell, D. O. and Cooley, J. and Cushman, P. and DeJongh, F. and Dragowsky, M. R. and Duong, L. and Figueroa-Feliciano, E. and Filippini, J. and Fritts, M. and Golwala, S. R. and Grant, D. R. and Hall, J. and Hennings-Yeomans, R. and Hertel, S. and Holmgren, D. and Huber, M. E. and Mahapatra, R. and Mandic, V. and McCarthy, K. A. and Mirabolfathi, N. and Nelson, H. and Novak, L. and Ogburn, R. W. and Pyle, M. and Qiu, X. and Ramberg, E. and Rau, W. and Reisetter, A. and Saab, T. and Sadoulet, B. and Sander, J. and Schmitt, R. and Schnee, R. W. and Seitz, D. N. and Serfass, B. and Sirois, A. and Sundqvist, K. M. and Tomada, A. and Wang, G. and Yellin, S. and Yoo, J. and Young, B. A.},
   title = {The Cryogenic Dark Matter Search (CDMS) experiment: Results and prospects},
   journal = {Journal of Physics: Conference Series},
   volume = {150},
   number = {1},
   pages = {012006},
   ISSN = {1742-6596},
   url = {http://stacks.iop.org/1742-6596/150/i=1/a=012006},
   year = {2009},
   type = {Journal Article}
}

@article{RN230,
   author = {Br\"{u}mmer, Felix and Kraml, Sabine and Kulkarni, Suchita},
   title = {Anatomy of maximal stop mixing in the MSSM},
   journal = {Journal of High Energy Physics},
   volume = {2012},
   number = {8},
   pages = {89},
   ISSN = {1029-8479},
   DOI = {10.1007/JHEP08(2012)089},
   url = {http://dx.doi.org/10.1007/JHEP08(2012)089},
   year = {2012},
   type = {Journal Article}
}

@article{RN766,
   author = {Buckley, Andy},
   title = {The hepthesis {\LaTeX} class},
   year = {2017},
   eprint = {ctan:/macros/latex/contrib/hepthesis},
   type = {Journal Article}
}

@article{RN586,
   author = {Buras, Andrzej J. and Chankowski, Piotr H. and Rosiek, Janusz and S\l{}awianowska, \l{}ucja},
   title = {Correlation between ΔMs and B0s,d→μ+μ− in supersymmetry at large tanβ},
   journal = {Physics Letters B},
   volume = {546},
   number = {1},
   pages = {96-107},
   ISSN = {0370-2693},
   DOI = {https://doi.org/10.1016/S0370-2693(02)02639-4},
   url = {http://www.sciencedirect.com/science/article/pii/S0370269302026394},
   year = {2002},
   type = {Journal Article}
}

@article{RN587,
   author = {Buras, Andrzej J. and Chankowski, Piotr H. and Rosiek, Janusz and S\l{}awianowska, \l{}ucja},
   title = {ΔMd,s, B0d,s→μ+μ− and B→Xsγ in supersymmetry at large tanβ},
   journal = {Nuclear Physics B},
   volume = {659},
   number = {1},
   pages = {3-78},
   ISSN = {0550-3213},
   DOI = {https://doi.org/10.1016/S0550-3213(03)00190-1},
   url = {http://www.sciencedirect.com/science/article/pii/S0550321303001901},
   year = {2003},
   type = {Journal Article}
}

@article{RN583,
   author = {Buras, A. J. and Gambino, P. and Gorbahn, M. and J\"{a}ger, S. and Silvestrini, L.},
   title = {Universal unitarity triangle and physics beyond the standard model},
   journal = {Physics Letters B},
   volume = {500},
   number = {1},
   pages = {161-167},
   ISSN = {0370-2693},
   DOI = {https://doi.org/10.1016/S0370-2693(01)00061-2},
   url = {http://www.sciencedirect.com/science/article/pii/S0370269301000612},
   year = {2001},
   type = {Journal Article}
}

@article{RN182,
   author = {Cacciari, Matteo and Salam, Gavin P. and Soyez, Gregory},
   title = {FastJet user manual},
   journal = {The European Physical Journal C},
   volume = {72},
   number = {3},
   pages = {1896},
   ISSN = {1434-6052},
   DOI = {10.1140/epjc/s10052-012-1896-2},
   url = {http://dx.doi.org/10.1140/epjc/s10052-012-1896-2},
   year = {2012},
   type = {Journal Article}
}

@article{RN687,
   author = {Cahill-Rowley, Matthew W. and Hewett, JoAnne L. and Ismail, Ahmed and Rizzo, Thomas G.},
   title = {Higgs sector and fine-tuning in the phenomenological MSSM},
   journal = {Physical Review D},
   volume = {86},
   number = {7},
   pages = {075015},
   url = {https://link.aps.org/doi/10.1103/PhysRevD.86.075015},
   year = {2012},
   type = {Journal Article}
}

@article{RN232,
   author = {Calibbi, Lorenzo and Lindert, Jonas M. and Ota, Toshihiko and Takanishi, Yasutaka},
   title = {Cornering light neutralino dark matter at the LHC},
   journal = {Journal of High Energy Physics},
   volume = {2013},
   number = {10},
   pages = {132},
   ISSN = {1029-8479},
   DOI = {10.1007/JHEP10(2013)132},
   url = {http://dx.doi.org/10.1007/JHEP10(2013)132},
   year = {2013},
   type = {Journal Article}
}

@article{RN775,
   author = {Calibbi, Lorenzo and Lindert, Jonas M. and Ota, Toshihiko and Takanishi, Yasutaka},
   title = {LHC tests of light neutralino dark matter without light sfermions},
   journal = {Journal of High Energy Physics},
   volume = {2014},
   number = {11},
   pages = {106},
   ISSN = {1029-8479},
   DOI = {10.1007/JHEP11(2014)106},
   url = {https://doi.org/10.1007/JHEP11(2014)106},
   year = {2014},
   type = {Journal Article}
}

@article{RN643,
   author = {Callan, Curtis G. and Coleman, Sidney and Wess, J. and Zumino, Bruno},
   title = {Structure of Phenomenological Lagrangians. II},
   journal = {Physical Review},
   volume = {177},
   number = {5},
   pages = {2247-2250},
   url = {https://link.aps.org/doi/10.1103/PhysRev.177.2247},
   year = {1969},
   type = {Journal Article}
}

@article{RN649,
   author = {Cao, XiGuang and Chen, Xun and Chen, YunHua and Cui, XiangYi and Fang, DeQing and Fu, ChangBo and Giboni, Karl L. and Gong, HaoWei and Guo, GuoDong and He, Ming and Hu, Jie and Huang, XingTao and Ji, XiangDong and Ju, YongLin and Li, ShaoLi and Lin, Qing and Liu, HuaXuan and Liu, JiangLai and Liu, Xiang and Lorenzon, Wolfgang and Ma, YuGang and Mao, YaJun and Ni, KaiXuan and Pushkin, Kirill and Ren, XiangXiang and Schubnell, Michael and Shen, ManBing and Shi, YuJie and Stephenson, Scott and Tan, AnDi and Tarlé, Greg and Wang, HongWei and Wang, JiMing and Wang, Meng and Wang, XuMing and Wang, Zhou and Wei, YueHuan and Wu, ShiYong and Xiao, MengJiao and Xiao, Xiang and Xie, PengWei and Ye, Tao and You, YingHui and Zen, XiongHui and Zhang, Hua and Zhang, Tao and Zhao, HaiYing and Zhao, Li and Zhou, XiaoPeng and Zhu, ZhongHua},
   title = {PandaX: a liquid xenon dark matter experiment at CJPL},
   journal = {Science China Physics, Mechanics \& Astronomy},
   volume = {57},
   number = {8},
   pages = {1476-1494},
   ISSN = {1869-1927},
   DOI = {10.1007/s11433-014-5521-2},
   url = {https://doi.org/10.1007/s11433-014-5521-2},
   year = {2014},
   type = {Journal Article}
}

@article{RN650,
   author = {Carena, Marcela and Hooper, Dan and Vallinotto, Alberto},
   title = {Interplay between collider searches for supersymmetric Higgs bosons and direct dark matter experiments},
   journal = {Physical Review D},
   volume = {75},
   number = {5},
   pages = {055010},
   url = {https://link.aps.org/doi/10.1103/PhysRevD.75.055010},
   year = {2007},
   type = {Journal Article}
}

@article{RN500,
   author = {Carroll, Sean M.},
   title = {The Cosmological Constant},
   journal = {Living Reviews in Relativity},
   volume = {4},
   number = {1},
   pages = {1},
   ISSN = {1433-8351},
   DOI = {10.12942/lrr-2001-1},
   url = {https://doi.org/10.12942/lrr-2001-1},
   year = {2001},
   type = {Journal Article}
}

@article{RN740,
   author = {Casas, J. A. and Espinosa, J. R. and Haber, H. E.},
   title = {The Higgs mass in the MSSM infrared fixed point scenario},
   journal = {Nuclear Physics B},
   volume = {526},
   number = {1},
   pages = {3-20},
   ISSN = {0550-3213},
   DOI = {https://doi.org/10.1016/S0550-3213(98)00327-7},
   url = {http://www.sciencedirect.com/science/article/pii/S0550321398003277},
   year = {1998},
   type = {Journal Article}
}

@article{RN711,
   author = {Casas, J. Alberto and Jos\'{e} Ram\'{o}n, Espinosa and Irene, Hidalgo},
   title = {The MSSM fine tuning problem: a way out},
   journal = {Journal of High Energy Physics},
   volume = {2004},
   number = {01},
   pages = {008},
   ISSN = {1126-6708},
   url = {http://stacks.iop.org/1126-6708/2004/i=01/a=008},
   year = {2004},
   type = {Journal Article}
}

@article{RN714,
   author = {Cassel, S. and Ghilencea, D. M. and Kraml, S. and Lessa, A. and Ross, G. G.},
   title = {Fine-tuning implications for complementary dark matter and LHC SUSY searches},
   journal = {Journal of High Energy Physics},
   volume = {2011},
   number = {5},
   pages = {120},
   ISSN = {1029-8479},
   DOI = {10.1007/JHEP05(2011)120},
   url = {https://doi.org/10.1007/JHEP05(2011)120},
   year = {2011},
   type = {Journal Article}
}

@article{RN712,
   author = {Cassel, S. and Ghilencea, D. M. and Ross, G. G.},
   title = {Fine tuning as an indication of physics beyond the MSSM},
   journal = {Nuclear Physics B},
   volume = {825},
   number = {1},
   pages = {203-221},
   ISSN = {0550-3213},
   DOI = {https://doi.org/10.1016/j.nuclphysb.2009.09.021},
   url = {http://www.sciencedirect.com/science/article/pii/S0550321309004945},
   year = {2010},
   type = {Journal Article}
}

@article{RN713,
   author = {Cassel, S. and Ghilencea, D. M. and Ross, G. G.},
   title = {Testing SUSY at the LHC: Electroweak and dark matter fine tuning at two-loop order},
   journal = {Nuclear Physics B},
   volume = {835},
   number = {1},
   pages = {110-134},
   ISSN = {0550-3213},
   DOI = {https://doi.org/10.1016/j.nuclphysb.2010.03.031},
   url = {http://www.sciencedirect.com/science/article/pii/S0550321310001914},
   year = {2010},
   type = {Journal Article}
}

@article{RN543,
   author = {Chamseddine, A. H. and Arnowitt, R. and Nath, Pran},
   title = {Locally Supersymmetric Grand Unification},
   journal = {Physical Review Letters},
   volume = {49},
   number = {14},
   pages = {970-974},
   url = {https://link.aps.org/doi/10.1103/PhysRevLett.49.970},
   year = {1982},
   type = {Journal Article}
}

@article{RN704,
   author = {Chan, Kwok Lung and Chattopadhyay, Utpal and Nath, Pran},
   title = {Naturalness, weak scale supersymmetry, and the prospect for the observation of supersymmetry at the Fermilab Tevatron and at the CERN LHC},
   journal = {Physical Review D},
   volume = {58},
   number = {9},
   pages = {096004},
   url = {https://link.aps.org/doi/10.1103/PhysRevD.58.096004},
   year = {1998},
   type = {Journal Article}
}

@article{RN708,
   author = {Chankowski, Piotr H. and Ellis, John and Olechowski, Marek and Pokorski, Stefan},
   title = {Haggling over the fine-tuning price of LEP},
   journal = {Nuclear Physics B},
   volume = {544},
   number = {1},
   pages = {39-63},
   ISSN = {0550-3213},
   DOI = {https://doi.org/10.1016/S0550-3213(99)00025-5},
   url = {http://www.sciencedirect.com/science/article/pii/S0550321399000255},
   year = {1999},
   type = {Journal Article}
}

@article{RN707,
   author = {Chankowski, Piotr H. and Ellis, John and Pokorski, Stefan},
   title = {The fine-tuning price of LEP},
   journal = {Physics Letters B},
   volume = {423},
   number = {3},
   pages = {327-336},
   ISSN = {0370-2693},
   DOI = {https://doi.org/10.1016/S0370-2693(98)00060-4},
   url = {http://www.sciencedirect.com/science/article/pii/S0370269398000604},
   year = {1998},
   type = {Journal Article}
}

@article{RN664,
   author = {Chanowitz, Michael S. and Gaillard, Mary K.},
   title = {The TeV physics of strongly interacting W's and Z's},
   journal = {Nuclear Physics B},
   volume = {261},
   pages = {379-431},
   ISSN = {0550-3213},
   DOI = {https://doi.org/10.1016/0550-3213(85)90580-2},
   url = {http://www.sciencedirect.com/science/article/pii/0550321385905802},
   year = {1985},
   type = {Journal Article}
}

@article{RN63,
   author = {Chatrchyan, S. and Khachatryan, V. and Sirunyan, A. M. and Tumasyan, A. and Adam, W. and Aguilo, E. and Bergauer, T. and Dragicevic, M. and Erö, J. and Fabjan, C. and Friedl, M. and Frühwirth, R. and Ghete, V. M. and Hammer, J. and Hoch, M. and Hörmann, N. and Hrubec, J. and Jeitler, M. and Kiesenhofer, W. and Knünz, V. and Krammer, M. and Krätschmer, I. and Liko, D. and Majerotto, W. and Mikulec, I. and Pernicka, M. and Rahbaran, B. and Rohringer, C. and Rohringer, H. and Schöfbeck, R. and Strauss, J. and Szoncsó, F. and Taurok, A. and Waltenberger, W. and Walzel, G. and Widl, E. and Wulz, C. E. and Chekhovsky, V. and Emeliantchik, I. and Litomin, A. and Makarenko, V. and Mossolov, V. and Shumeiko, N. and Solin, A. and Stefanovitch, R. and Suarez Gonzalez, J. and Fedorov, A. and Korzhik, M. and Missevitch, O. and Zuyeuski, R. and Bansal, M. and Bansal, S. and Beaumont, W. and Cornelis, T. and De Wolf, E. A. and Druzhkin, D. and Janssen, X. and Luyckx, S. and Mucibello, L. and Ochesanu, S. and Roland, B. and Rougny, R. and Selvaggi, M. and Staykova, Z. and Van Haevermaet, H. and Van Mechelen, P. and Van Remortel, N. and Van Spilbeeck, A. and Blekman, F. and Blyweert, S. and DʼHondt, J. and Devroede, O. and Gonzalez Suarez, R. and Goorens, R. and Kalogeropoulos, A. and Maes, M. and Olbrechts, A. and Tavernier, S. and Van Doninck, W. and Van Lancker, L. and Van Mulders, P. and Van Onsem, G. P. and Villella, I. and Clerbaux, B. and De Lentdecker, G. and Dero, V. and Dewulf, J. P. and Gay, A. P. R. and Hreus, T. and Léonard, A. and Marage, P. E. and Mohammadi, A. and Reis, T. and Rugovac, S. and Thomas, L. and Vander Velde, C. and Vanlaer, P. and Wang, J. and Wickens, J. and Adler, V. and others },
   title = {Observation of a new boson at a mass of 125 GeV with the CMS experiment at the LHC},
   journal = {Physics Letters B},
   volume = {716},
   number = {1},
   pages = {30-61},
   ISSN = {0370-2693},
   DOI = {https://doi.org/10.1016/j.physletb.2012.08.021},
   url = {http://www.sciencedirect.com/science/article/pii/S0370269312008581},
   year = {2012},
   type = {Journal Article}
}

@article{RN168,
   author = {Chattopadhyay, Utpal and Dey, Abhishek},
   title = {Exploring MSSM for charge and color breaking and other constraints in the context of Higgs@125 GeV},
   journal = {Journal of High Energy Physics},
   volume = {2014},
   number = {11},
   pages = {161},
   ISSN = {1029-8479},
   DOI = {10.1007/JHEP11(2014)161},
   url = {http://dx.doi.org/10.1007/JHEP11(2014)161},
   year = {2014},
   type = {Journal Article}
}

@article{RN786,
   author = {Chaudhuri, A. and Dolgov, A.},
   title = {Electroweak phase transition and entropy release in the early universe},
   journal = {Journal of Cosmology and Astroparticle Physics},
   volume = {2018},
   number = {01},
   pages = {032},
   ISSN = {1475-7516},
   url = {http://stacks.iop.org/1475-7516/2018/i=01/a=032},
   year = {2018},
   type = {Journal Article}
}

@article{RN672,
   author = {Chetyrkin, Konstantin and Misiak, Mikołaj and M\"{u}nz, Manfred},
   title = {Weak radiative B-meson decay beyond leading logarithms},
   journal = {Physics Letters B},
   volume = {400},
   number = {1},
   pages = {206-219},
   ISSN = {0370-2693},
   DOI = {https://doi.org/10.1016/S0370-2693(97)00324-9},
   url = {http://www.sciencedirect.com/science/article/pii/S0370269397003249},
   year = {1997},
   type = {Journal Article}
}

@article{RN290,
   author = {Cheung, Clifford and Hall, Lawrence J. and Pinner, David and Ruderman, Joshua T.},
   title = {Prospects and blind spots for neutralino dark matter},
   journal = {Journal of High Energy Physics},
   volume = {2013},
   number = {5},
   pages = {100},
   ISSN = {1029-8479},
   DOI = {10.1007/JHEP05(2013)100},
   url = {http://dx.doi.org/10.1007/JHEP05(2013)100},
   year = {2013},
   type = {Journal Article}
}

@article{RN749,
   author = {Choi, Kiwoon and Jeong, Kwang Sik and Kobayashi, Tatsuo and Okumura, Ken-ichi},
   title = {Little SUSY hierarchy in mixed modulus-anomaly mediation},
   journal = {Physics Letters B},
   volume = {633},
   number = {2},
   pages = {355-361},
   ISSN = {0370-2693},
   DOI = {https://doi.org/10.1016/j.physletb.2005.11.078},
   url = {http://www.sciencedirect.com/science/article/pii/S0370269305017466},
   year = {2006},
   type = {Journal Article}
}

@article{RN750,
   author = {Choi, Kiwoon and Jeong, Kwang Sik and Kobayashi, Tatsuo and Okumura, Ken-ichi},
   title = {TeV scale mirage mediation and natural little supersymmetric hierarchy},
   journal = {Physical Review D},
   volume = {75},
   number = {9},
   pages = {095012},
   url = {https://link.aps.org/doi/10.1103/PhysRevD.75.095012},
   year = {2007},
   type = {Journal Article}
}

@article{RN94,
   author = {Coleman, Sidney and Mandula, Jeffrey},
   title = {All Possible Symmetries of the $S$ Matrix},
   journal = {Physical Review},
   volume = {159},
   number = {5},
   pages = {1251-1256},
   url = {https://link.aps.org/doi/10.1103/PhysRev.159.1251},
   year = {1967},
   type = {Journal Article}
}

@article{RN683,
   author = {Coleman, Sidney and Weinberg, Erick},
   title = {Radiative Corrections as the Origin of Spontaneous Symmetry Breaking},
   journal = {Physical Review D},
   volume = {7},
   number = {6},
   pages = {1888-1910},
   url = {https://link.aps.org/doi/10.1103/PhysRevD.7.1888},
   year = {1973},
   type = {Journal Article}
}

@article{RN642,
   author = {Coleman, S. and Wess, J. and Zumino, Bruno},
   title = {Structure of Phenomenological Lagrangians. I},
   journal = {Physical Review},
   volume = {177},
   number = {5},
   pages = {2239-2247},
   url = {https://link.aps.org/doi/10.1103/PhysRev.177.2239},
   year = {1969},
   type = {Journal Article}
}

@article{RN697,
   author = {Aaboud, M. and Aad, G. and Abbott, B. and Abdinov, O. and Abeloos, B. and Abidi, S.  H and AbouZeid, O.  S and Abraham, N.  L and Abramowicz, H. and Abreu, H. and Abreu, R. and Abulaiti, Y. and Acharya, B.  S and Adachi, S. and Adamczyk, L. and Adelman, J. and Adersberger, M. and Adye, T. and Affolder, A.  A and Agatonovic-Jovin, T. and Agheorghiesei, C. and Aguilar-Saavedra, J.  A and Ahlen, S.  P and Ahmadov, F. and Aielli, G. and Akatsuka, S. and Akerstedt, H. and Åkesson, T.  P  A and Akilli, E. and Akimov, A.  V and Alberghi, G.  L and Albert, J. and Albicocco, P. and Alconada Verzini, M.  J and Alderweireldt, S.  C and Aleksa, M. and Aleksandrov, I.  N and Alexa, C. and Alexander, G. and Alexopoulos, T. and Alhroob, M. and Ali, B. and Aliev, M. and Alimonti, G. and Alison, J. and Alkire, S.  P and Allbrooke, B.  M  M and Allen, B.  W and Allport, P.  P and Aloisio, A. and Alonso, A. and Alonso, F. and Alpigiani, C. and Alshehri, A.  A and Alstaty, M.  I and Alvarez Gonzalez, B. and Álvarez Piqueras, D. and Alviggi, M.  G and Amadio, B.  T and Amaral Coutinho, Y. and Amelung, C. and Amidei, D. and Amor Dos Santos, S.  P and Amorim, A. and Amoroso, S. and Amundsen, G. and Anastopoulos, C. and Ancu, L.  S and Andari, N. and Andeen, T. and Anders, C.  F and Anders, J.  K and Anderson, K.  J and Andreazza, A. and Andrei, V. and Angelidakis, S. and Angelozzi, I. and Angerami, A. and Anisenkov, A.  V and Anjos, N. and Annovi, A. and Antel, C. and Antonelli, M. and Antonov, A. and Antrim, D.  J and Anulli, F. and Aoki, M. and Aperio Bella, L. and Arabidze, G. and Arai, Y. and Araque, J.  P and Araujo Ferraz, V. and Arce, A.  T  H and Ardell, R.  E and Arduh, F.  A and Arguin, J. F. and Argyropoulos, S. and Arik, M. and Armbruster, A.  J and others },
   title = {Search for squarks and gluinos in events with an isolated lepton, jets, and missing transverse momentum at $\sqrt{s}=13\text{ }\text{ }\mathrm{TeV}$ with the ATLAS detector},
   journal = {Physical Review D},
   volume = {96},
   number = {11},
   pages = {112010},
   url = {https://link.aps.org/doi/10.1103/PhysRevD.96.112010},
   year = {2017},
   type = {Journal Article}
}

@article{RN541,
   author = {del Amo Sanchez, P. and Lees, J. P. and Poireau, V. and Prencipe, E. and Tisserand, V. and Garra Tico, J. and Grauges, E. and Martinelli, M. and Milanes, D. A. and Palano, A. and Pappagallo, M. and Eigen, G. and Stugu, B. and Sun, L. and Brown, D. N. and Kerth, L. T. and Kolomensky, Yu G. and Lynch, G. and Osipenkov, I. L. and Koch, H. and Schroeder, T. and Asgeirsson, D. J. and Hearty, C. and Mattison, T. S. and McKenna, J. A. and Khan, A. and Blinov, V. E. and Buzykaev, A. R. and Druzhinin, V. P. and Golubev, V. B. and Kravchenko, E. A. and Onuchin, A. P. and Serednyakov, S. I. and Skovpen, Yu I. and Solodov, E. P. and Todyshev, K. Yu and Yushkov, A. N. and Bondioli, M. and Curry, S. and Kirkby, D. and Lankford, A. J. and Mandelkern, M. and Martin, E. C. and Stoker, D. P. and Atmacan, H. and Gary, J. W. and Liu, F. and Long, O. and Vitug, G. M. and Campagnari, C. and Hong, T. M. and Kovalskyi, D. and Richman, J. D. and West, C. A. and Eisner, A. M. and Heusch, C. A. and Kroseberg, J. and Lockman, W. S. and Martinez, A. J. and Schalk, T. and Schumm, B. A. and Seiden, A. and Winstrom, L. O. and Cheng, C. H. and Doll, D. A. and Echenard, B. and Hitlin, D. G. and Ongmongkolkul, P. and Porter, F. C. and Rakitin, A. Y. and Andreassen, R. and Dubrovin, M. S. and Meadows, B. T. and Sokoloff, M. D. and Bloom, P. C. and Ford, W. T. and Gaz, A. and Nagel, M. and Nauenberg, U. and Smith, J. G. and Wagner, S. R. and Ayad, R. and Toki, W. H. and Jasper, H. and Petzold, A. and Spaan, B. and Kobel, M. J. and Schubert, K. R. and Schwierz, R. and Bernard, D. and Verderi, M. and Clark, P. J. and Playfer, S. and Watson, J. E. and Andreotti, M. and Bettoni, D. and Bozzi, C. and Calabrese, R. and Cecchi, A. and others },
   collaboration = {Babar Collaboration},
   title = {Searches for the baryon- and lepton-number violating decays ${B}^{0}\ensuremath{\rightarrow}{\ensuremath{\Lambda}}_{c}^{+}{l}^{\ensuremath{-}}$, ${B}^{\ensuremath{-}}\ensuremath{\rightarrow}\ensuremath{\Lambda}{l}^{\ensuremath{-}}$, and ${B}^{\ensuremath{-}}\ensuremath{\rightarrow}\overline{\ensuremath{\Lambda}}{l}^{\ensuremath{-}}$},
   journal = {Physical Review D},
   volume = {83},
   number = {9},
   pages = {091101},
   url = {https://link.aps.org/doi/10.1103/PhysRevD.83.091101},
   year = {2011},
   type = {Journal Article}
}

@article{RN540,
   author = {McCracken, M.  E and Bellis, M. and Adhikari, K.  P and Adikaram, D. and Akbar, Z. and Pereira, S. Anefalos and Badui, R.  A and Ball, J. and Baltzell, N.  A and Battaglieri, M. and Batourine, V. and Bedlinskiy, I. and Biselli, A.  S and Boiarinov, S. and Briscoe, W.  J and Brooks, W.  K and Burkert, V.  D and Cao, T. and Carman, D.  S and Celentano, A. and Chandavar, S. and Charles, G. and Colaneri, L. and Cole, P.  L and Contalbrigo, M. and Cortes, O. and Crede, V. and D’Angelo, A. and Dashyan, N. and De Vita, R. and De Sanctis, E. and Deur, A. and Djalali, C. and Dodge, G.  E and Dupre, R. and Alaoui, A. El and Fassi, L. El and Elouadrhiri, E. and Eugenio, P. and Fedotov, G. and Fegan, S. and Fersch, R. and Filippi, A. and Fleming, J.  A and Garillon, B. and Gevorgyan, N. and Gilfoyle, G.  P and Giovanetti, K.  L and Girod, F.  X and Golovatch, E. and Gothe, R.  W and Griffioen, K.  A and Guidal, M. and Guo, L. and Hafidi, K. and Hakobyan, H. and Hanretty, C. and Hattawy, M. and Hicks, K. and Holtrop, M. and Hughes, S.  M and Ilieva, Y. and Ireland, D.  G and Ishkhanov, B.  S and Isupov, E.  L and Jenkins, D. and Jiang, H. and Jo, H.  S and Keller, D. and Khachatryan, G. and Khandaker, M. and Kim, A. and Kim, W. and Klein, A. and Klein, F.  J and Kubarovsky, V. and Lenisa, P. and Livingston, K. and Lu, H.  Y and MacGregor, I.  J  D and Mayer, M. and McKinnon, B. and Mestayer, M.  D and Meyer, C.  A and Mirazita, M. and Mokeev, V. and Moody, C.  I and Moriya, K. and Camacho, C. Munoz and Nadel-Turonski, P. and Net, L.  A and Niccolai, S. and Osipenko, M. and Ostrovidov, A.  I and Park, K. and Pasyuk, E. and Pisano, S. and Pogorelko, O. and Price, J.  W and others },
   collaboration = {Clas Collaboration},
   title = {Search for baryon-number and lepton-number violating decays of $\mathbf{\ensuremath{\Lambda}}$ hyperons using the CLAS detector at Jefferson Laboratory},
   journal = {Physical Review D},
   volume = {92},
   number = {7},
   pages = {072002},
   url = {https://link.aps.org/doi/10.1103/PhysRevD.92.072002},
   year = {2015},
   type = {Journal Article}
}

@article{RN605,
   author = {Collaboration, L. U. X. and Akerib, D.  S and Alsum, S. and Araújo, H.  M and Bai, X. and Bailey, A.  J and Balajthy, J. and Beltrame, P. and Bernard, E.  P and Bernstein, A. and Biesiadzinski, T.  P and Boulton, E.  M and Bramante, R. and Brás, P. and Byram, D. and Cahn, S.  B and Carmona-Benitez, M.  C and Chan, C. and Chiller, A.  A and Chiller, C. and Currie, A. and Cutter, J.  E and Davison, T.  J  R and Dobi, A. and Dobson, J.  E  Y and Druszkiewicz, E. and Edwards, B.  N and Faham, C.  H and Fiorucci, S. and Gaitskell, R.  J and Gehman, V.  M and Ghag, C. and Gibson, K.  R and Gilchriese, M.  G  D and Hall, C.  R and Hanhardt, M. and Haselschwardt, S.  J and Hertel, S.  A and Hogan, D.  P and Horn, M. and Huang, D.  Q and Ignarra, C.  M and Ihm, M. and Jacobsen, R.  G and Ji, W. and Kamdin, K. and Kazkaz, K. and Khaitan, D. and Knoche, R. and Larsen, N.  A and Lee, C. and Lenardo, B.  G and Lesko, K.  T and Lindote, A. and Lopes, M.  I and Manalaysay, A. and Mannino, R.  L and Marzioni, M.  F and McKinsey, D.  N and Mei, D. M. and Mock, J. and Moongweluwan, M. and Morad, J.  A and Murphy, A.  St  J and Nehrkorn, C. and Nelson, H.  N and Neves, F. and O’Sullivan, K. and Oliver-Mallory, K.  C and Palladino, K.  J and Pease, E.  K and Phelps, P. and Reichhart, L. and Rhyne, C. and Shaw, S. and Shutt, T.  A and Silva, C. and Solmaz, M. and Solovov, V.  N and Sorensen, P. and Stephenson, S. and Sumner, T.  J and Szydagis, M. and Taylor, D.  J and Taylor, W.  C and Tennyson, B.  P and Terman, P.  A and Tiedt, D.  R and To, W.  H and Tripathi, M. and Tvrznikova, L. and Uvarov, S. and Verbus, J.  R and Webb, R.  C and White, J.  T and Whitis, T.  J and Witherell, M.  S and Wolfs, F.  L  H and Xu, J. and Yazdani, K. and others },
   title = {Results from a Search for Dark Matter in the Complete LUX Exposure},
   journal = {Physical Review Letters},
   volume = {118},
   number = {2},
   pages = {021303},
   url = {https://link.aps.org/doi/10.1103/PhysRevLett.118.021303},
   year = {2017},
   type = {Journal Article}
}

@article{RN176,
   author = {Collaboration, L. U. X. and Akerib, D.  S and Araújo, H.  M and Bai, X. and Bailey, A.  J and Balajthy, J. and Bedikian, S. and Bernard, E. and Bernstein, A. and Bolozdynya, A. and Bradley, A. and Byram, D. and Cahn, S.  B and Carmona-Benitez, M.  C and Chan, C. and Chapman, J.  J and Chiller, A.  A and Chiller, C. and Clark, K. and Coffey, T. and Currie, A. and Curioni, A. and Dazeley, S. and de Viveiros, L. and Dobi, A. and Dobson, J. and Dragowsky, E.  M and Druszkiewicz, E. and Edwards, B. and Faham, C.  H and Fiorucci, S. and Flores, C. and Gaitskell, R.  J and Gehman, V.  M and Ghag, C. and Gibson, K.  R and Gilchriese, M.  G  D and Hall, C. and Hanhardt, M. and Hertel, S.  A and Horn, M. and Huang, D.  Q and Ihm, M. and Jacobsen, R.  G and Kastens, L. and Kazkaz, K. and Knoche, R. and Kyre, S. and Lander, R. and Larsen, N.  A and Lee, C. and Leonard, D.  S and Lesko, K.  T and Lindote, A. and Lopes, M.  I and Lyashenko, A. and Malling, D.  C and Mannino, R. and McKinsey, D.  N and Mei, D. M. and Mock, J. and Moongweluwan, M. and Morad, J. and Morii, M. and Murphy, A.  St  J and Nehrkorn, C. and Nelson, H. and Neves, F. and Nikkel, J.  A and Ott, R.  A and Pangilinan, M. and Parker, P.  D and Pease, E.  K and Pech, K. and Phelps, P. and Reichhart, L. and Shutt, T. and Silva, C. and Skulski, W. and Sofka, C.  J and Solovov, V.  N and Sorensen, P. and Stiegler, T. and O’Sullivan, K. and Sumner, T.  J and Svoboda, R. and Sweany, M. and Szydagis, M. and Taylor, D. and Tennyson, B. and Tiedt, D.  R and Tripathi, M. and Uvarov, S. and Verbus, J.  R and Walsh, N. and Webb, R. and White, J.  T and White, D. and Witherell, M.  S and Wlasenko, M. and others },
   title = {First Results from the LUX Dark Matter Experiment at the Sanford Underground Research Facility},
   journal = {Physical Review Letters},
   volume = {112},
   number = {9},
   pages = {091303},
   url = {https://link.aps.org/doi/10.1103/PhysRevLett.112.091303},
   year = {2014},
   type = {Journal Article}
}

@article{RN571,
   author = {Collaboration, M. E. G. and Adam, J. and Bai, X. and Baldini, A. M. and Baracchini, E. and Bemporad, C. and Boca, G. and Cattaneo, P. W. and Cavoto, G. and Cei, F. and Cerri, C. and de Bari, A. and De Gerone, M. and Doke, T. and Dussoni, S. and Egger, J. and Fratini, K. and Fujii, Y. and Galli, L. and Gallucci, G. and Gatti, F. and Golden, B. and Grassi, M. and Grigoriev, D. N. and Haruyama, T. and Hildebrandt, M. and Hisamatsu, Y. and Ignatov, F. and Iwamoto, T. and Kettle, P. R. and Khazin, B. I. and Kiselev, O. and Korenchenko, A. and Kravchuk, N. and Maki, A. and Mihara, S. and Molzon, W. and Mori, T. and Mzavia, D. and Natori, H. and Nicolò, D. and Nishiguchi, H. and Nishimura, Y. and Ootani, W. and Panareo, M. and Papa, A. and Pazzi, R. and Piredda, G. and Popov, A. and Renga, F. and Ritt, S. and Rossella, M. and Sawada, R. and Sergiampietri, F. and Signorelli, G. and Suzuki, S. and Tenchini, F. and Topchyan, C. and Uchiyama, Y. and Valle, R. and Voena, C. and Xiao, F. and Yamada, S. and Yamamoto, A. and Yamashita, S. and Yudin, Yu V. and Zanello, D.},
   title = {New Limit on the Lepton-Flavor-Violating Decay ${\ensuremath{\mu}}^{+}\ensuremath{\rightarrow}{e}^{+}\ensuremath{\gamma}$},
   journal = {Physical Review Letters},
   volume = {107},
   number = {17},
   pages = {171801},
   url = {https://link.aps.org/doi/10.1103/PhysRevLett.107.171801},
   year = {2011},
   type = {Journal Article}
}

@article{RN532,
   author = {Collaboration, S. N. O. and Ahmad, Q. R. and Allen, R. C. and Andersen, T. C. and Anglin, J. D. and Bühler, G. and Barton, J. C. and Beier, E. W. and Bercovitch, M. and Bigu, J. and Biller, S. and Black, R. A. and Blevis, I. and Boardman, R. J. and Boger, J. and Bonvin, E. and Boulay, M. G. and Bowler, M. G. and Bowles, T. J. and Brice, S. J. and Browne, M. C. and Bullard, T. V. and Burritt, T. H. and Cameron, K. and Cameron, J. and Chan, Y. D. and Chen, M. and Chen, H. H. and Chen, X. and Chon, M. C. and Cleveland, B. T. and Clifford, E. T. H. and Cowan, J. H. M. and Cowen, D. F. and Cox, G. A. and Dai, Y. and Dai, X. and Dalnoki-Veress, F. and Davidson, W. F. and Doe, P. J. and Doucas, G. and Dragowsky, M. R. and Duba, C. A. and Duncan, F. A. and Dunmore, J. and Earle, E. D. and Elliott, S. R. and Evans, H. C. and Ewan, G. T. and Farine, J. and Fergani, H. and Ferraris, A. P. and Ford, R. J. and Fowler, M. M. and Frame, K. and Frank, E. D. and Frati, W. and Germani, J. V. and Gil, S. and Goldschmidt, A. and Grant, D. R. and Hahn, R. L. and Hallin, A. L. and Hallman, E. D. and Hamer, A. and Hamian, A. A. and Haq, R. U. and Hargrove, C. K. and Harvey, P. J. and Hazama, R. and Heaton, R. and Heeger, K. M. and Heintzelman, W. J. and Heise, J. and Helmer, R. L. and Hepburn, J. D. and Heron, H. and Hewett, J. and Hime, A. and Howe, M. and Hykawy, J. G. and Isaac, M. C. P. and Jagam, P. and Jelley, N. A. and Jillings, C. and Jonkmans, G. and Karn, J. and Keener, P. T. and Kirch, K. and Klein, J. R. and Knox, A. B. and Komar, R. J. and Kouzes, R. and Kutter, T. and Kyba, C. C. M. and Law, J. and Lawson, I. T. and Lay, M. and Lee, H. W. and Lesko, K. T. and others },
   title = {Measurement of the Rate of ${\ensuremath{\nu}}_{e}+\mathit{d}\ensuremath{\rightarrow}\mathit{p}+\mathit{p}+{\mathit{e}}^{\ensuremath{-}}$ Interactions Produced by $^{8}B$ Solar Neutrinos at the Sudbury Neutrino Observatory},
   journal = {Physical Review Letters},
   volume = {87},
   number = {7},
   pages = {071301},
   url = {https://link.aps.org/doi/10.1103/PhysRevLett.87.071301},
   year = {2001},
   type = {Journal Article}
}

@article{RN533,
   author = {Collaboration, T. K. and Abe, K. and Abgrall, N. and Aihara, H. and Akiri, T. and Albert, J. B. and Andreopoulos, C. and Aoki, S. and Ariga, A. and Ariga, T. and Assylbekov, S. and Autiero, D. and Barbi, M. and Barker, G. J. and Barr, G. and Bass, M. and Batkiewicz, M. and Bay, F. and Bentham, S. W. and Berardi, V. and Berger, B. E. and Berkman, S. and Bertram, I. and Beznosko, D. and Bhadra, S. and Blaszczyk, F. d M. and Blondel, A. and Bojechko, C. and Boyd, S. and Brailsford, D. and Bravar, A. and Bronner, C. and Brook-Roberge, D. G. and Buchanan, N. and Calland, R. G. and Caravaca Rodríguez, J. and Cartwright, S. L. and Castillo, R. and Catanesi, M. G. and Cervera, A. and Cherdack, D. and Christodoulou, G. and Clifton, A. and Coleman, J. and Coleman, S. J. and Collazuol, G. and Connolly, K. and Cremonesi, L. and Curioni, A. and Dabrowska, A. and Danko, I. and Das, R. and Davis, S. and Day, M. and de André, J. P. A. M. and de Perio, P. and De Rosa, G. and Dealtry, T. and Dennis, S. and Densham, C. and Di Lodovico, F. and Di Luise, S. and Dobson, J. and Drapier, O. and Duboyski, T. and Dufour, F. and Dumarchez, J. and Dytman, S. and Dziewiecki, M. and Dziomba, M. and Emery, S. and Ereditato, A. and Escudero, L. and Finch, A. J. and Frank, E. and Friend, M. and Fujii, Y. and Fukuda, Y. and Furmanski, A. and Galymov, V. and Gaudin, A. and Giffin, S. and Giganti, C. and Gilje, K. and Golan, T. and Gomez-Cadenas, J. J. and Gonin, M. and Grant, N. and Gudin, D. and Hadley, D. R. and Haesler, A. and Haigh, M. D. and Hamilton, P. and Hansen, D. and Hara, T. and Hartz, M. and Hasegawa, T. and Hastings, N. C. and Hayato, Y. and Hearty, C. and others },
   title = {Evidence of electron neutrino appearance in a muon neutrino beam},
   journal = {Physical Review D},
   volume = {88},
   number = {3},
   pages = {032002},
   url = {https://link.aps.org/doi/10.1103/PhysRevD.88.032002},
   year = {2013},
   type = {Journal Article}
}

@article{RN606,
   author = {Aprile, E. and Aalbers, J. and Agostini, F. and Alfonsi, M. and Amaro, F.  D and Anthony, M. and Arneodo, F. and Barrow, P. and Baudis, L. and Bauermeister, B. and Benabderrahmane, M.  L and Berger, T. and Breur, P.  A and Brown, A. and Brown, A. and Brown, E. and Bruenner, S. and Bruno, G. and Budnik, R. and Bütikofer, L. and Calvén, J. and Cardoso, J.  M  R and Cervantes, M. and Cichon, D. and Coderre, D. and Colijn, A.  P and Conrad, J. and Cussonneau, J.  P and Decowski, M.  P and de Perio, P. and Di Gangi, P. and Di Giovanni, A. and Diglio, S. and Eurin, G. and Fei, J. and Ferella, A.  D and Fieguth, A. and Fulgione, W. and Gallo Rosso, A. and Galloway, M. and Gao, F. and Garbini, M. and Gardner, R. and Geis, C. and Goetzke, L.  W and Grandi, L. and Greene, Z. and Grignon, C. and Hasterok, C. and Hogenbirk, E. and Howlett, J. and Itay, R. and Kaminsky, B. and Kazama, S. and Kessler, G. and Kish, A. and Landsman, H. and Lang, R.  F and Lellouch, D. and Levinson, L. and Lin, Q. and Lindemann, S. and Lindner, M. and Lombardi, F. and Lopes, J.  A  M and Manfredini, A. and Mariş, I. and Marrodán Undagoitia, T. and Masbou, J. and Massoli, F.  V and Masson, D. and Mayani, D. and Messina, M. and Micheneau, K. and Molinario, A. and Morå, K. and Murra, M. and Naganoma, J. and Ni, K. and Oberlack, U. and Pakarha, P. and Pelssers, B. and Persiani, R. and Piastra, F. and Pienaar, J. and Pizzella, V. and Piro, M. C. and Plante, G. and Priel, N. and Rauch, L. and Reichard, S. and Reuter, C. and Riedel, B. and Rizzo, A. and Rosendahl, S. and Rupp, N. and Saldanha, R. and dos Santos, J.  M  F and Sartorelli, G. and others },
   collaboration = {Xenon Collaboration},
   title = {First Dark Matter Search Results from the XENON1T Experiment},
   journal = {Physical Review Letters},
   volume = {119},
   number = {18},
   pages = {181301},
   url = {https://link.aps.org/doi/10.1103/PhysRevLett.119.181301},
   year = {2017},
   type = {Journal Article}
}

@article{RN767,
      author         = "Collins, John C. and Vermaseren, J. A. M.",
      title          = "{Axodraw Version 2}",
      year           = "2016",
      eprint         = "arXiv:1606.01177 [cs]",
      archivePrefix  = "arXiv",
      primaryClass   = "cs.OH",
      SLACcitation   = "%%CITATION = ARXIV:1606.01177;%%"
}

@article{RN662,
   author = {Cornwall, John M. and Levin, David N. and Tiktopoulos, George},
   title = {Derivation of gauge invariance from high-energy unitarity bounds on the $S$ matrix},
   journal = {Physical Review D},
   volume = {10},
   number = {4},
   pages = {1145-1167},
   url = {https://link.aps.org/doi/10.1103/PhysRevD.10.1145},
   year = {1974},
   type = {Journal Article}
}

@article{RN661,
   author = {Cornwall, John M. and Levin, David N. and Tiktopoulos, George},
   title = {Erratum: Derivation of gauge invariance from high-energy unitarity bounds on the $S$ matrix},
   journal = {Physical Review D},
   volume = {11},
   number = {4},
   pages = {972-972},
   url = {https://link.aps.org/doi/10.1103/PhysRevD.11.972},
   year = {1975},
   type = {Journal Article}
}

@article{RN516,
      author         = "Cs\'{a}ki, Csaba and Tanedo, Philip",
      title          = "{Beyond the Standard Model}",
      booktitle      = "{Proceedings, 2013 European School of High-Energy Physics
                        (ESHEP 2013): Paradfurdo, Hungary, June 5-18, 2013}",
      url            = "https://inspirehep.net/record/1422131/files/arXiv:1602.04228.pdf",
      year           = "2015",
      pages          = "169-268",
      doi            = "10.5170/CERN-2015-004.169",
      eprint         = "arXiv:1602.04228 [hep-ph]",
      archivePrefix  = "arXiv",
      primaryClass   = "hep-ph",
      reportNumber   = "UCI-TR-2016-01",
      SLACcitation   = "%%CITATION = ARXIV:1602.04228;%%"
}

@book{RN572,
   author = {Csikor, F.},
   title = {Electroweak Symmetry Breaking: proceedings of the Budapest Workshop, Budapest, 11-13 July 1994},
   publisher = {World Scientific},
   ISBN = {9789810220884},
   url = {https://books.google.com.au/books?id=cdHvAAAAMAAJ},
   year = {1995},
   type = {Book}
}

@article{RN582,
   author = {D'Ambrosio, G. and Giudice, G. F. and Isidori, G. and Strumia, A.},
   title = {Minimal flavour violation: an effective field theory approach},
   journal = {Nuclear Physics B},
   volume = {645},
   number = {1},
   pages = {155-187},
   ISSN = {0550-3213},
   DOI = {https://doi.org/10.1016/S0550-3213(02)00836-2},
   url = {http://www.sciencedirect.com/science/article/pii/S0550321302008362},
   year = {2002},
   type = {Journal Article}
}

@article{RN515,
   author = {Davier, M. and Hoecker, A. and Malaescu, B. and Zhang, Z.},
   title = {Reevaluation of the hadronic contributions to the muon g−2 and to $\alpha (M^{2}_{Z})$},
   journal = {The European Physical Journal C},
   volume = {71},
   number = {1},
   pages = {1515},
   ISSN = {1434-6052},
   DOI = {10.1140/epjc/s10052-010-1515-z},
   url = {https://doi.org/10.1140/epjc/s10052-010-1515-z},
   year = {2011},
   type = {Journal Article}
}

@article{RN103,
   author = {Davier, M. and Hoecker, A. and Malaescu, B. and Zhang, Z.},
   title = {Erratum to: Reevaluation of the hadronic contributions to the muon g−2 and to $\alpha(M_{Z}^{2})$},
   journal = {The European Physical Journal C},
   volume = {72},
   number = {2},
   pages = {1874},
   ISSN = {1434-6052},
   DOI = {10.1140/epjc/s10052-012-1874-8},
   url = {http://dx.doi.org/10.1140/epjc/s10052-012-1874-8},
   year = {2012},
   type = {Journal Article}
}

@article{RN631,
   author = {Davier, Michel and Marciano, William J.},
   title = {THE THEORETICAL PREDICTION FOR THE MUON ANOMALOUS MAGNETIC MOMENT},
   journal = {Annual Review of Nuclear and Particle Science},
   volume = {54},
   number = {1},
   pages = {115-140},
   ISSN = {0163-8998},
   DOI = {10.1146/annurev.nucl.54.070103.181204},
   url = {https://doi.org/10.1146/annurev.nucl.54.070103.181204},
   year = {2004},
   type = {Journal Article}
}

@article{RN529,
   author = {Davis, Raymond and Harmer, Don S. and Hoffman, Kenneth C.},
   title = {Search for Neutrinos from the Sun},
   journal = {Physical Review Letters},
   volume = {20},
   number = {21},
   pages = {1205-1209},
   url = {https://link.aps.org/doi/10.1103/PhysRevLett.20.1205},
   year = {1968},
   type = {Journal Article}
}

@article{RN181,
   author = {de Favereau, J. and Delaere, C. and Demin, P. and Giammanco, A. and Lemaître, V. and Mertens, A. and Selvaggi, M.},
   title = {DELPHES 3: a modular framework for fast simulation of a generic collider experiment},
   journal = {Journal of High Energy Physics},
   volume = {2014},
   number = {2},
   pages = {57},
   ISSN = {1029-8479},
   DOI = {10.1007/JHEP02(2014)057},
   url = {http://dx.doi.org/10.1007/JHEP02(2014)057},
   year = {2014},
   type = {Journal Article}
}

@article{RN589,
   author = {Dedes, Athanasios and Pilaftsis, Apostolos},
   title = {Resummed effective Lagrangian for Higgs-mediated flavor-changing neutral current interactions in the CP-violating MSSM},
   journal = {Physical Review D},
   volume = {67},
   number = {1},
   pages = {015012},
   url = {https://link.aps.org/doi/10.1103/PhysRevD.67.015012},
   year = {2003},
   type = {Journal Article}
}

@article{RN679,
   author = {Degrassi, G. and Giudice, G. F.},
   title = {QED logarithms in the electroweak corrections to the muon anomalous magnetic moment},
   journal = {Physical Review D},
   volume = {58},
   number = {5},
   pages = {053007},
   url = {https://link.aps.org/doi/10.1103/PhysRevD.58.053007},
   year = {1998},
   type = {Journal Article}
}

@article{RN590,
   author = {Demir, Durmuş A.},
   title = {Higgs boson couplings to quarks with supersymmetric CP and flavor violations},
   journal = {Physics Letters B},
   volume = {571},
   number = {3},
   pages = {193-208},
   ISSN = {0370-2693},
   DOI = {https://doi.org/10.1016/j.physletb.2003.07.069},
   url = {http://www.sciencedirect.com/science/article/pii/S0370269303011754},
   year = {2003},
   type = {Journal Article}
}

@article{RN769,
   author = {Derm\'{\i}\~{s}ek, Radovan and Kim, Hyung Do},
   title = {Radiatively Generated Maximal Mixing Scenario for the Higgs Boson Mass and the Least Fine-Tuned Minimal Supersymmetric Standard Model},
   journal = {Physical Review Letters},
   volume = {96},
   number = {21},
   pages = {211803},
   DOI = {10.1103/PhysRevLett.96.211803},
   url = {https://link.aps.org/doi/10.1103/PhysRevLett.96.211803},
   year = {2006},
   type = {Journal Article}
}

@article{RN555,
   author = {Dimopoulos, Savas and Georgi, Howard},
   title = {Softly broken supersymmetry and SU(5)},
   journal = {Nuclear Physics B},
   volume = {193},
   number = {1},
   pages = {150-162},
   ISSN = {0550-3213},
   DOI = {https://doi.org/10.1016/0550-3213(81)90522-8},
   url = {http://www.sciencedirect.com/science/article/pii/0550321381905228},
   year = {1981},
   type = {Journal Article}
}

@article{RN702,
   author = {Dimopoulos, S. and Giudice, G. F.},
   title = {Naturalness constraints in supersymmetric theories with non-universal soft terms},
   journal = {Physics Letters B},
   volume = {357},
   number = {4},
   pages = {573-578},
   ISSN = {0370-2693},
   DOI = {https://doi.org/10.1016/0370-2693(95)00961-J},
   url = {http://www.sciencedirect.com/science/article/pii/037026939500961J},
   year = {1995},
   type = {Journal Article}
}

@article{RN558,
   author = {Dimopoulos, S. and Raby, S.},
   title = {Supercolor},
   journal = {Nuclear Physics B},
   volume = {192},
   number = {2},
   pages = {353-368},
   ISSN = {0550-3213},
   DOI = {http://dx.doi.org/10.1016/0550-3213(81)90430-2},
   url = {http://www.sciencedirect.com/science/article/pii/0550321381904302},
   year = {1981},
   type = {Journal Article}
}

@article{RN523,
   author = {Dimopoulos, S. and Raby, S. and Wilczek, Frank},
   title = {Supersymmetry and the scale of unification},
   journal = {Physical Review D},
   volume = {24},
   number = {6},
   pages = {1681-1683},
   url = {https://link.aps.org/doi/10.1103/PhysRevD.24.1681},
   year = {1981},
   type = {Journal Article}
}

@article{RN556,
   author = {Dimopoulos, Savas and Sutter, David},
   title = {The supersymmetric flavor problem},
   journal = {Nuclear Physics B},
   volume = {452},
   number = {3},
   pages = {496-512},
   ISSN = {0550-3213},
   DOI = {http://dx.doi.org/10.1016/0550-3213(95)00421-N},
   url = {http://www.sciencedirect.com/science/article/pii/055032139500421N},
   year = {1995},
   type = {Journal Article}
}

@article{RN557,
   author = {Dine, Michael and Fischler, Willy and Srednicki, Mark},
   title = {Supersymmetric technicolor},
   journal = {Nuclear Physics B},
   volume = {189},
   number = {3},
   pages = {575-593},
   ISSN = {0550-3213},
   DOI = {https://doi.org/10.1016/0550-3213(81)90582-4},
   url = {http://www.sciencedirect.com/science/article/pii/0550321381905824},
   year = {1981},
   type = {Journal Article}
}

@book{RN682,
   author = {Dodelson, S.},
   title = {Modern Cosmology},
   publisher = {Academic Press},
   ISBN = {9780122191411},
   url = {https://books.google.com.au/books?id=3oPRxdXJexcC},
   year = {2003},
   type = {Book}
}

@article{RN729,
   author = {Dolan, L. and Jackiw, R.},
   title = {Symmetry behavior at finite temperature},
   journal = {Physical Review D},
   volume = {9},
   number = {12},
   pages = {3320-3341},
   url = {https://link.aps.org/doi/10.1103/PhysRevD.9.3320},
   year = {1974},
   type = {Journal Article}
}

@article{RN745,
   author = {Donini, A.},
   title = {One-loop corrections to the top, stop and gluino masses in the MSSM},
   journal = {Nuclear Physics B},
   volume = {467},
   number = {1},
   pages = {3-24},
   ISSN = {0550-3213},
   DOI = {https://doi.org/10.1016/0550-3213(96)00081-8},
   url = {http://www.sciencedirect.com/science/article/pii/0550321396000818},
   year = {1996},
   type = {Journal Article}
}

@article{RN273,
   author = {Drees, Manuel and Dreiner, Herbi and Schmeier, Daniel and Tattersall, Jamie and Kim, Jong Soo},
   title = {CheckMATE: Confronting your Favourite New Physics Model with LHC Data},
   journal = {Comput.Phys.Commun.},
   volume = {187},
   pages = {227-265},
   DOI = {10.1016/j.cpc.2014.10.018},
   year = {2015},
   type = {Journal Article}
}

@article{RN653,
   author = {Drees, Manuel and Nojiri, Mihoko M.},
   title = {Neutralino-nucleon scattering reexamined},
   journal = {Physical Review D},
   volume = {48},
   number = {8},
   pages = {3483-3501},
   url = {https://link.aps.org/doi/10.1103/PhysRevD.48.3483},
   year = {1993},
   type = {Journal Article}
}

@article{RN654,
   author = {Drees, Manuel and Nojiri, Mihoko M.},
   title = {New contributions to coherent neutralino-nucleus scattering},
   journal = {Physical Review D},
   volume = {47},
   number = {10},
   pages = {4226-4232},
   url = {https://link.aps.org/doi/10.1103/PhysRevD.47.4226},
   year = {1993},
   type = {Journal Article}
}

@article{RN250,
   author = {Durmus, A. Demir},
   title = {Renormalization group invariants in the MSSM and its extensions},
   journal = {Journal of High Energy Physics},
   volume = {2005},
   number = {11},
   pages = {003},
   ISSN = {1126-6708},
   url = {http://stacks.iop.org/1126-6708/2005/i=11/a=003},
   year = {2005},
   type = {Journal Article}
}

@article{RN191,
   author = {Dutta, Bhaskar and Flanagan, Will and Gurrola, Alfredo and Johns, Will and Kamon, Teruki and Sheldon, Paul and Sinha, Kuver and Wang, Kechen and Wu, Sean},
   title = {Probing compressed top squark scenarios at the LHC at 14 TeV},
   journal = {Physical Review D},
   volume = {90},
   number = {9},
   pages = {095022},
   url = {https://link.aps.org/doi/10.1103/PhysRevD.90.095022},
   year = {2014},
   type = {Journal Article}
}

@article{RN190,
   author = {Dutta, Bhaskar and Ghosh, Tathagata and Gurrola, Alfredo and Johns, Will and Kamon, Teruki and Sheldon, Paul and Sinha, Kuver and Wang, Kechen and Wu, Sean},
   title = {Probing compressed sleptons at the LHC using vector boson fusion processes},
   journal = {Physical Review D},
   volume = {91},
   number = {5},
   pages = {055025},
   url = {https://link.aps.org/doi/10.1103/PhysRevD.91.055025},
   year = {2015},
   type = {Journal Article}
}

@article{RN644,
   author = {Dutta, Bhaskar and Gurrola, Alfredo and Johns, Will and Kamon, Teruki and Sheldon, Paul and Sinha, Kuver},
   title = {Vector boson fusion processes as a probe of supersymmetric electroweak sectors at the LHC},
   journal = {Physical Review D},
   volume = {87},
   number = {3},
   pages = {035029},
   url = {https://link.aps.org/doi/10.1103/PhysRevD.87.035029},
   year = {2013},
   type = {Journal Article}
}

@article{RN699,
   author = {Ellis, John and Enqvist, K. and Nanopoulos, D.V. and Zwirner, F.},
   title = {OBSERVABLES IN LOW-ENERGY SUPERSTRING MODELS},
   journal = {Modern Physics Letters A},
   volume = {01},
   number = {01},
   pages = {57-69},
   DOI = {10.1142/s0217732386000105},
   url = {https://www.worldscientific.com/doi/abs/10.1142/S0217732386000105},
   year = {1986},
   type = {Journal Article}
}

@article{RN655,
   author = {Ellis, John and Ferstl, Andrew and Olive, Keith A.},
   title = {Re-evaluation of the elastic scattering of supersymmetric dark matter},
   journal = {Physics Letters B},
   volume = {481},
   number = {2},
   pages = {304-314},
   ISSN = {0370-2693},
   DOI = {https://doi.org/10.1016/S0370-2693(00)00459-7},
   url = {http://www.sciencedirect.com/science/article/pii/S0370269300004597},
   year = {2000},
   type = {Journal Article}
}

@article{RN592,
   author = {Ellis, J. and Heinemeyer, S. and Olive, K. A. and Weiglein, G.},
   title = {Light heavy MSSM Higgs bosons at large tanβ},
   journal = {Physics Letters B},
   volume = {653},
   number = {2},
   pages = {292-299},
   ISSN = {0370-2693},
   DOI = {https://doi.org/10.1016/j.physletb.2007.07.056},
   url = {http://www.sciencedirect.com/science/article/pii/S0370269307008891},
   year = {2007},
   type = {Journal Article}
}

@article{RN595,
   author = {Ellis, John and Lee, Jae Sik and Pilaftsis, Apostolos},
   title = {B-meson observables in the maximally CP-violating MSSM with minimal flavor violation},
   journal = {Physical Review D},
   volume = {76},
   number = {11},
   pages = {115011},
   url = {https://link.aps.org/doi/10.1103/PhysRevD.76.115011},
   year = {2007},
   type = {Journal Article}
}

@article{RN562,
   author = {Ellis, John and Nanopoulos, D. V. and Tamvakis, K.},
   title = {Grand unification in simple supergravity},
   journal = {Physics Letters B},
   volume = {121},
   number = {2–3},
   pages = {123-129},
   ISSN = {0370-2693},
   DOI = {https://doi.org/10.1016/0370-2693(83)90900-0},
   url = {http://www.sciencedirect.com/science/article/pii/0370269383909000},
   year = {1983},
   type = {Journal Article}
}

@article{RN126,
   author = {Endo, Motoi and Hamaguchi, Koichi and Iwamoto, Sho and Yoshinaga, Takahiro},
   title = {Muon g − 2 vs LHC in supersymmetric models},
   journal = {Journal of High Energy Physics},
   volume = {2014},
   number = {1},
   pages = {123},
   ISSN = {1029-8479},
   DOI = {10.1007/JHEP01(2014)123},
   url = {http://dx.doi.org/10.1007/JHEP01(2014)123},
   year = {2014},
   type = {Journal Article}
}

@article{RN127,
   author = {Endo, Motoi and Hamaguchi, Koichi and Kitahara, Teppei and Yoshinaga, Takahiro},
   title = {Probing Bino contribution to muon g − 2},
   journal = {Journal of High Energy Physics},
   volume = {2013},
   number = {11},
   pages = {13},
   ISSN = {1029-8479},
   DOI = {10.1007/JHEP11(2013)013},
   url = {http://dx.doi.org/10.1007/JHEP11(2013)013},
   year = {2013},
   type = {Journal Article}
}

@article{RN294,
   author = {Englert, F. and Brout, R.},
   title = {Broken Symmetry and the Mass of Gauge Vector Mesons},
   journal = {Physical Review Letters},
   volume = {13},
   number = {9},
   pages = {321-323},
   url = {https://link.aps.org/doi/10.1103/PhysRevLett.13.321},
   year = {1964},
   type = {Journal Article}
}

@article{RN667,
   author = {Espinosa, J. R. and Grojean, C. and M\"{u}hlleitner, M. and Trott, M.},
   title = {Fingerprinting Higgs suspects at the LHC},
   journal = {Journal of High Energy Physics},
   volume = {2012},
   number = {5},
   pages = {97},
   ISSN = {1029-8479},
   DOI = {10.1007/JHEP05(2012)097},
   url = {https://doi.org/10.1007/JHEP05(2012)097},
   year = {2012},
   type = {Journal Article}
}

@article{RN677,
   author = {Fargnoli, Helvecio and Gnendiger, Christoph and Pa{\ss}ehr, Sebastian and St\"{o}ckinger, Dominik and St\"{o}ckinger-Kim, Hyejung},
   title = {Two-loop corrections to the muon magnetic moment from fermion/sfermion loops in the MSSM: detailed results},
   journal = {Journal of High Energy Physics},
   volume = {2014},
   number = {2},
   pages = {70},
   ISSN = {1029-8479},
   DOI = {10.1007/JHEP02(2014)070},
   url = {https://doi.org/10.1007/JHEP02(2014)070},
   year = {2014},
   type = {Journal Article}
}

@article{RN665,
   author = {Fayet, Pierre},
   title = {Brout-Englert-Higgs boson as spin-0 partner of the $Z$ in the supersymmetric standard model},
   journal = {Physical Review D},
   volume = {90},
   number = {1},
   pages = {015033},
   url = {https://link.aps.org/doi/10.1103/PhysRevD.90.015033},
   year = {2014},
   type = {Journal Article}
}

@article{RN537,
   author = {Fayet, P. and Ferrara, S.},
   title = {Supersymmetry},
   journal = {Physics Reports},
   volume = {32},
   number = {5},
   pages = {249-334},
   ISSN = {0370-1573},
   DOI = {https://doi.org/10.1016/0370-1573(77)90066-7},
   url = {http://www.sciencedirect.com/science/article/pii/0370157377900667},
   year = {1977},
   type = {Journal Article}
}

@article{RN754,
   author = {Feng, Jonathan L. and Matchev, Konstantin T. and Moroi, Takeo},
   title = {Focus points and naturalness in supersymmetry},
   journal = {Physical Review D},
   volume = {61},
   number = {7},
   pages = {075005},
   url = {https://link.aps.org/doi/10.1103/PhysRevD.61.075005},
   year = {2000},
   type = {Journal Article}
}

@article{RN753,
   author = {Feng, Jonathan L. and Matchev, Konstantin T. and Moroi, Takeo},
   title = {Multi-TeV Scalars are Natural in Minimal Supergravity},
   journal = {Physical Review Letters},
   volume = {84},
   number = {11},
   pages = {2322-2325},
   url = {https://link.aps.org/doi/10.1103/PhysRevLett.84.2322},
   year = {2000},
   type = {Journal Article}
}

@article{RN755,
   author = {Feng, Jonathan L. and Matchev, Konstantin T. and Wilczek, Frank},
   title = {Neutralino dark matter in focus point supersymmetry},
   journal = {Physics Letters B},
   volume = {482},
   number = {4},
   pages = {388-399},
   ISSN = {0370-2693},
   DOI = {https://doi.org/10.1016/S0370-2693(00)00512-8},
   url = {http://www.sciencedirect.com/science/article/pii/S0370269300005128},
   year = {2000},
   type = {Journal Article}
}

@article{RN768,
   author = {Feng, Jonathan L. and Rajaraman, Arvind and Smith, Bryan T.},
   title = {Minimal supergravity with ${m}_{0}^{2}&lt;0$},
   journal = {Physical Review D},
   volume = {74},
   number = {1},
   pages = {015013},
   DOI = {10.1103/PhysRevD.74.015013},
   url = {https://link.aps.org/doi/10.1103/PhysRevD.74.015013},
   year = {2006},
   type = {Journal Article}
}

@article{RN688,
   author = {Feng, Jonathan L. and Sanford, David},
   title = {Natural 125 GeV Higgs boson in the MSSM from focus point supersymmetry with $A$-terms},
   journal = {Physical Review D},
   volume = {86},
   number = {5},
   pages = {055015},
   url = {https://link.aps.org/doi/10.1103/PhysRevD.86.055015},
   year = {2012},
   type = {Journal Article}
}

@article{RN6,
   author = {Ferrara, Sergio and Masiero, Antonio and Porrati, Massimo},
   title = {Nonlinear realizations of SU(2) x U(1) in the MSSM: Model independent analysis and g-2 of W bosons},
   journal = {Phys.Lett.},
   volume = {B301},
   pages = {358-364},
   DOI = {10.1016/0370-2693(93)91163-H},
   year = {1993},
   type = {Journal Article}
}

@article{RN722,
   author = {Fichet, S.},
   title = {Quantified naturalness from Bayesian statistics},
   journal = {Physical Review D},
   volume = {86},
   number = {12},
   pages = {125029},
   url = {https://link.aps.org/doi/10.1103/PhysRevD.86.125029},
   year = {2012},
   type = {Journal Article}
}

@article{RN508,
   author = {Filippenko, Alexei V. and Riess, Adam G.},
   title = {Results from the High-z Supernova Search Team},
   journal = {Physics Reports},
   volume = {307},
   number = {1},
   pages = {31-44},
   ISSN = {0370-1573},
   DOI = {http://dx.doi.org/10.1016/S0370-1573(98)00052-0},
   url = {http://www.sciencedirect.com/science/article/pii/S0370157398000520},
   year = {1998},
   type = {Journal Article}
}

@article{RN490,
   author = {Fukuda, S. and Fukuda, Y. and Hayakawa, T. and Ichihara, E. and Ishitsuka, M. and Itow, Y. and Kajita, T. and Kameda, J. and Kaneyuki, K. and Kasuga, S. and Kobayashi, K. and Kobayashi, Y. and Koshio, Y. and Miura, M. and Moriyama, S. and Nakahata, M. and Nakayama, S. and Namba, T. and Obayashi, Y. and Okada, A. and Oketa, M. and Okumura, K. and Oyabu, T. and Sakurai, N. and Shiozawa, M. and Suzuki, Y. and Takeuchi, Y. and Toshito, T. and Totsuka, Y. and Yamada, S. and Desai, S. and Earl, M. and Hong, J. T. and Kearns, E. and Masuzawa, M. and Messier, M. D. and Stone, J. L. and Sulak, L. R. and Walter, C. W. and Wang, W. and Scholberg, K. and Barszczak, T. and Casper, D. and Liu, D. W. and Gajewski, W. and Halverson, P. G. and Hsu, J. and Kropp, W. R. and Mine, S. and Price, L. R. and Reines, F. and Smy, M. and Sobel, H. W. and Vagins, M. R. and Ganezer, K. S. and Keig, W. E. and Ellsworth, R. W. and Tasaka, S. and Flanagan, J. W. and Kibayashi, A. and Learned, J. G. and Matsuno, S. and Stenger, V. J. and Hayato, Y. and Ishii, T. and Ichikawa, A. and Kanzaki, J. and Kobayashi, T. and Maruyama, T. and Nakamura, K. and Oyama, Y. and Sakai, A. and Sakuda, M. and Sasaki, O. and Echigo, S. and Iwashita, T. and Kohama, M. and Suzuki, A. T. and Hasegawa, M. and Inagaki, T. and Kato, I. and Maesaka, H. and Nakaya, T. and Nishikawa, K. and Yamamoto, S. and Haines, T. J. and Kim, B. K. and Sanford, R. and Svoboda, R. and Blaufuss, E. and Chen, M. L. and Conner, Z. and Goodman, J. A. and Guillian, E. and Sullivan, G. W. and Turcan, D. and Habig, A. and Ackerman, M. and Goebel, F. and Hill, J. and others },
   title = {The Super-Kamiokande detector},
   journal = {Nuclear Instruments and Methods in Physics Research Section A: Accelerators, Spectrometers, Detectors and Associated Equipment},
   volume = {501},
   number = {2},
   pages = {418-462},
   ISSN = {0168-9002},
   DOI = {http://dx.doi.org/10.1016/S0168-9002(03)00425-X},
   url = {http://www.sciencedirect.com/science/article/pii/S016890020300425X},
   year = {2003},
   type = {Journal Article}
}

@article{RN669,
   author = {Gabbiani, F. and Gabrielli, E. and Masiero, A. and Silvestrini, L.},
   title = {A complete analysis of FCNC and CP constraints in general SUSY extensions of the standard model},
   journal = {Nuclear Physics B},
   volume = {477},
   number = {2},
   pages = {321-352},
   ISSN = {0550-3213},
   DOI = {https://doi.org/10.1016/0550-3213(96)00390-2},
   url = {http://www.sciencedirect.com/science/article/pii/0550321396003902},
   year = {1996},
   type = {Journal Article}
}

@article{RN674,
   author = {Garc\'{\i}a, Isabel Garc\'{\i}a and March-Russell, John},
   title = {Rare flavor processes in Maximally Natural Supersymmetry},
   journal = {Journal of High Energy Physics},
   volume = {2015},
   number = {1},
   pages = {42},
   ISSN = {1029-8479},
   DOI = {10.1007/JHEP01(2015)042},
   url = {https://doi.org/10.1007/JHEP01(2015)042},
   year = {2015},
   type = {Journal Article}
}

@article{RN651,
   author = {Gelmini, G. B. and Gondolo, P. and Roulet, E.},
   title = {Neutralino dark matter searches},
   journal = {Nuclear Physics B},
   volume = {351},
   number = {3},
   pages = {623-644},
   ISSN = {0550-3213},
   DOI = {https://doi.org/10.1016/S0550-3213(05)80036-7},
   url = {http://www.sciencedirect.com/science/article/pii/S0550321305800367},
   year = {1991},
   type = {Journal Article}
}

@article{RN535,
   author = {Gervais, J. L. and Sakita, B.},
   title = {Field theory interpretation of supergauges in dual models},
   journal = {Nuclear Physics B},
   volume = {34},
   number = {2},
   pages = {632-639},
   ISSN = {0550-3213},
   DOI = {https://doi.org/10.1016/0550-3213(71)90351-8},
   url = {http://www.sciencedirect.com/science/article/pii/0550321371903518},
   year = {1971},
   type = {Journal Article}
}

@article{RN715,
   author = {Ghilencea, D. M. and Ross, G. G.},
   title = {The fine-tuning cost of the likelihood in SUSY models},
   journal = {Nuclear Physics B},
   volume = {868},
   number = {1},
   pages = {65-74},
   ISSN = {0550-3213},
   DOI = {https://doi.org/10.1016/j.nuclphysb.2012.11.007},
   url = {http://www.sciencedirect.com/science/article/pii/S0550321312006037},
   year = {2013},
   type = {Journal Article}
}

@article{RN565,
   author = {Gian, F. Giudice and Riccardo, Rattazzi and Markus, A. Luty and Hitoshi, Murayama},
   title = {Gaugino mass without singlets},
   journal = {Journal of High Energy Physics},
   volume = {1998},
   number = {12},
   pages = {027},
   ISSN = {1126-6708},
   url = {http://stacks.iop.org/1126-6708/1998/i=12/a=027},
   year = {1998},
   type = {Journal Article}
}

@article{RN585,
   author = {Gino, Isidori and Alessandra, Retico},
   title = {Scalar flavour-changing neutral currents in the large-tan(β) limit},
   journal = {Journal of High Energy Physics},
   volume = {2001},
   number = {11},
   pages = {001},
   ISSN = {1126-6708},
   url = {http://stacks.iop.org/1126-6708/2001/i=11/a=001},
   year = {2001},
   type = {Journal Article}
}

@article{RN602,
   author = {Ginzburg, I. F. and Kanishev, K. A. and Krawczyk, M. and Soko\l{}owska, D.},
   title = {Evolution of the Universe to the present inert phase},
   journal = {Physical Review D},
   volume = {82},
   number = {12},
   pages = {123533},
   url = {https://link.aps.org/doi/10.1103/PhysRevD.82.123533},
   year = {2010},
   type = {Journal Article}
}

@article{RN796,
   author = {Girardello, L. and Grisaru, M. T. and Salomonson, P.},
   title = {Temperature and supersymmetry},
   journal = {Nuclear Physics B},
   volume = {178},
   number = {2},
   pages = {331-360},
   ISSN = {0550-3213},
   DOI = {https://doi.org/10.1016/0550-3213(81)90412-0},
   url = {http://www.sciencedirect.com/science/article/pii/0550321381904120},
   year = {1981},
   type = {Journal Article}
}

@article{RN793,
   author = {Giudice, Gian F.},
   title = {Electroweak phase transition in supersymmetry},
   journal = {Physical Review D},
   volume = {45},
   number = {9},
   pages = {3177-3182},
   DOI = {10.1103/PhysRevD.45.3177},
   url = {https://link.aps.org/doi/10.1103/PhysRevD.45.3177},
   year = {1992},
   type = {Journal Article}
}

@article{RN291,
   author = {Glashow, Sheldon L.},
   title = {Partial-symmetries of weak interactions},
   journal = {Nuclear Physics},
   volume = {22},
   number = {4},
   pages = {579-588},
   ISSN = {0029-5582},
   DOI = {http://dx.doi.org/10.1016/0029-5582(61)90469-2},
   url = {http://www.sciencedirect.com/science/article/pii/0029558261904692},
   year = {1961},
   type = {Journal Article}
}

@article{RN106,
   author = {Gnendiger, C. and St\"{o}ckinger, D. and St\"{o}ckinger-Kim, H.},
   title = {The electroweak contributions to $\mathbf{(}g\mathbf{\ensuremath{-}}2{\mathbf{)}}_{\ensuremath{\mu}}$ after the Higgs-boson mass measurement},
   journal = {Physical Review D},
   volume = {88},
   number = {5},
   pages = {053005},
   url = {https://link.aps.org/doi/10.1103/PhysRevD.88.053005},
   year = {2013},
   type = {Journal Article}
}

@article{RN717,
   author = {Gogoladze, Ilia and Nasir, Fariha and Shafi, Qaisar},
   title = {NONUNIVERSAL GAUGINO MASSES AND NATURAL SUPERSYMMETRY},
   journal = {International Journal of Modern Physics A},
   volume = {28},
   number = {13},
   pages = {1350046},
   ISSN = {0217-751X},
   DOI = {10.1142/S0217751X13500462},
   url = {https://doi.org/10.1142/S0217751X13500462},
   year = {2013},
   type = {Journal Article}
}

@article{RN509,
   author = {Goldhaber, Gerson},
   title = {The Acceleration of the Expansion of the Universe: A Brief Early History of the Supernova Cosmology Project (SCP)},
   journal = {AIP Conference Proceedings},
   volume = {1166},
   number = {1},
   pages = {53-72},
   ISSN = {0094-243X},
   DOI = {10.1063/1.3232196},
   url = {http://aip.scitation.org/doi/abs/10.1063/1.3232196},
   year = {2009},
   type = {Journal Article}
}

@article{RN299,
   author = {Goldstone, Jeffrey and Salam, Abdus and Weinberg, Steven},
   title = {Broken Symmetries},
   journal = {Physical Review},
   volume = {127},
   number = {3},
   pages = {965-970},
   url = {https://link.aps.org/doi/10.1103/PhysRev.127.965},
   year = {1962},
   type = {Journal Article}
}

@article{RN519,
   author = {Golfand, Yu.A. and Likhtman, E.P.},
   title = {Extension of the Algebra of Poincare Group Generators and Violation of p Invariance},
   journal = {JETP Lett.},
   volume = {13},
   pages = {323-326},
   year = {1971},
   type = {Journal Article}
}

@article{RN785,
   author = {Gondolo, Paolo and Gelmini, Graciela},
   title = {Cosmic abundances of stable particles: Improved analysis},
   journal = {Nuclear Physics B},
   volume = {360},
   number = {1},
   pages = {145-179},
   ISSN = {0550-3213},
   DOI = {https://doi.org/10.1016/0550-3213(91)90438-4},
   url = {http://www.sciencedirect.com/science/article/pii/0550321391904384},
   year = {1991},
   type = {Journal Article}
}

@article{RN512,
   author = {Goobar, A. and Perlmutter, S. and Goldhaber, G. and Knop, R. A. and Nugent, P. and Castro, P. G. and Deustua, S. and Fabbro, S. and Groom, D. E. and Hook, I. M. and Kim, A. G. and Lee, J. C. and Nunes, N. J. and Pain, R. and Pennypacker, C. R. and Quimby, R. and Lidman, C. and Ellis, R. S. and Irwin, M. and McMahon, R. G. and Ruiz-Lapuente, P. and Walton, N. and Schaefer, B. and Boyle, B. J. and Fillippenko, A. V. and Matheson, T. and Fruchter, A. S. and Panagia, N. and Newberg, H. J. M. and Crouch, W. J.},
   title = {The Acceleration of the Universe: Measurements of Cosmological Parameters from Type Ia Supernovae},
   journal = {Physica Scripta},
   volume = {2000},
   number = {T85},
   pages = {47},
   ISSN = {1402-4896},
   url = {http://stacks.iop.org/1402-4896/2000/i=T85/a=005},
   year = {2000},
   type = {Journal Article}
}

@article{RN194,
   author = {Gori, Stefania and Jung, Sunghoon and Wang, Lian-Tao and Wells, James D.},
   title = {Prospects for electroweakino discovery at a 100 TeV hadron collider},
   journal = {Journal of High Energy Physics},
   volume = {2014},
   number = {12},
   pages = {108},
   ISSN = {1029-8479},
   DOI = {10.1007/JHEP12(2014)108},
   url = {http://dx.doi.org/10.1007/JHEP12(2014)108},
   year = {2014},
   type = {Journal Article}
}

@article{RN657,
   author = {Haag, R.},
   title = {Quantum Field Theories with Composite Particles and Asymptotic Conditions},
   journal = {Physical Review},
   volume = {112},
   number = {2},
   pages = {669-673},
   url = {https://link.aps.org/doi/10.1103/PhysRev.112.669},
   year = {1958},
   type = {Journal Article}
}

@article{RN522,
   author = {Haag, Rudolf and Lopuszanski, Jan T. and Sohnius, Martin},
   title = {All Possible Generators of Supersymmetries of the s Matrix},
   journal = {Nucl.Phys.},
   volume = {B88},
   pages = {257},
   DOI = {10.1016/0550-3213(75)90279-5},
   year = {1975},
   type = {Journal Article}
}

@article{RN794,
   author = {Haber, Howard E. and Weldon, H. Arthur},
   title = {Finite-temperature symmetry breaking as Bose-Einstein condensation},
   journal = {Physical Review D},
   volume = {25},
   number = {2},
   pages = {502-525},
   DOI = {10.1103/PhysRevD.25.502},
   url = {https://link.aps.org/doi/10.1103/PhysRevD.25.502},
   year = {1982},
   type = {Journal Article}
}

@article{RN98,
   author = {Hagiwara, K. and Martin, A. D. and Nomura, Daisuke and Teubner, T.},
   title = {The SM prediction of g−2 of the muon},
   journal = {Physics Letters B},
   volume = {557},
   number = {1–2},
   pages = {69-75},
   ISSN = {0370-2693},
   DOI = {https://doi.org/10.1016/S0370-2693(03)00138-2},
   url = {http://www.sciencedirect.com/science/article/pii/S0370269303001382},
   year = {2003},
   type = {Journal Article}
}

@article{RN561,
   author = {Hall, Lawrence and Lykken, Joe and Weinberg, Steven},
   title = {Supergravity as the messenger of supersymmetry breaking},
   journal = {Physical Review D},
   volume = {27},
   number = {10},
   pages = {2359-2378},
   url = {https://link.aps.org/doi/10.1103/PhysRevD.27.2359},
   year = {1983},
   type = {Journal Article}
}

@article{RN574,
   author = {Hall, L. J. and Kostelecky, V. A. and Raby, S.},
   title = {New flavor violations in supergravity models},
   journal = {Nuclear Physics B},
   volume = {267},
   number = {2},
   pages = {415-432},
   ISSN = {0550-3213},
   DOI = {https://doi.org/10.1016/0550-3213(86)90397-4},
   url = {http://www.sciencedirect.com/science/article/pii/0550321386903974},
   year = {1986},
   type = {Journal Article}
}

@article{RN580,
   author = {Hall, L. J. and Randall, L.},
   title = {Weak-scale effective supersymmetry},
   journal = {Physical Review Letters},
   volume = {65},
   number = {24},
   pages = {2939-2942},
   url = {https://link.aps.org/doi/10.1103/PhysRevLett.65.2939},
   year = {1990},
   type = {Journal Article}
}

@article{RN723,
   author = {Han, Chengcheng and Hikasa, Ken-ichi and Wu, Lei and Yang, Jin Min and Zhang, Yang},
   title = {Current experimental bounds on stop mass in natural SUSY},
   journal = {Journal of High Energy Physics},
   volume = {2013},
   number = {10},
   pages = {216},
   ISSN = {1029-8479},
   DOI = {10.1007/JHEP10(2013)216},
   url = {https://doi.org/10.1007/JHEP10(2013)216},
   year = {2013},
   type = {Journal Article}
}

@article{RN187,
   author = {Han, Chengcheng and Kobakhidze, Archil and Liu, Ning and Saavedra, Aldo and Wu, Lei and Yang, Jin Min},
   title = {Probing light higgsinos in natural SUSY from monojet signals at the LHC},
   journal = {Journal of High Energy Physics},
   volume = {2014},
   number = {2},
   pages = {49},
   ISSN = {1029-8479},
   DOI = {10.1007/JHEP02(2014)049},
   url = {http://dx.doi.org/10.1007/JHEP02(2014)049},
   year = {2014},
   type = {Journal Article}
}

@article{RN189,
   author = {Han, Chengcheng and Wu, Lei and Yang, Jin Min and Zhang, Mengchao and Zhang, Yang},
   title = {New approach for detecting a compressed bino/wino at the LHC},
   journal = {Physical Review D},
   volume = {91},
   number = {5},
   pages = {055030},
   url = {https://link.aps.org/doi/10.1103/PhysRevD.91.055030},
   year = {2015},
   type = {Journal Article}
}

@article{RN281,
   author = {Han, Tao and Kling, Felix and Su, Shufang and Wu, Yongcheng},
   title = {Unblinding the dark matter blind spots},
   journal = {Journal of High Energy Physics},
   volume = {2017},
   number = {2},
   pages = {57},
   ISSN = {1029-8479},
   DOI = {10.1007/JHEP02(2017)057},
   url = {http://dx.doi.org/10.1007/JHEP02(2017)057},
   year = {2017},
   type = {Journal Article}
}

@article{RN721,
   author = {Hardy, Edward},
   title = {Is natural SUSY natural?},
   journal = {Journal of High Energy Physics},
   volume = {2013},
   number = {10},
   pages = {133},
   ISSN = {1029-8479},
   DOI = {10.1007/JHEP10(2013)133},
   url = {https://doi.org/10.1007/JHEP10(2013)133},
   year = {2013},
   type = {Journal Article}
}

@article{RN538,
   author = {Harrison, J.},
   title = {Searches for lepton flavour violation and baryon number violation at LHCb},
   journal = {Nuclear Physics B - Proceedings Supplements},
   volume = {253-255},
   pages = {20-23},
   ISSN = {0920-5632},
   DOI = {https://doi.org/10.1016/j.nuclphysbps.2014.09.006},
   url = {http://www.sciencedirect.com/science/article/pii/S0920563214001376},
   year = {2014},
   type = {Journal Article}
}

@article{RN166,
   author = {Heinemeyer, S. and Hollik, W. and Weiglein, G.},
   title = {FeynHiggs: a program for the calculation of the masses of the neutral CP-even Higgs bosons in the MSSM},
   journal = {Computer Physics Communications},
   volume = {124},
   number = {1},
   pages = {76-89},
   ISSN = {0010-4655},
   DOI = {http://dx.doi.org/10.1016/S0010-4655(99)00364-1},
   url = {http://www.sciencedirect.com/science/article/pii/S0010465599003641},
   year = {2000},
   type = {Journal Article}
}

@article{RN676,
   author = {Heinemeyer, S. and St\"{o}ckinger, D. and Weiglein, G.},
   title = {Two-loop SUSY corrections to the anomalous magnetic moment of the muon},
   journal = {Nuclear Physics B},
   volume = {690},
   number = {1},
   pages = {62-80},
   ISSN = {0550-3213},
   DOI = {https://doi.org/10.1016/j.nuclphysb.2004.04.017},
   url = {http://www.sciencedirect.com/science/article/pii/S0550321304003001},
   year = {2004},
   type = {Journal Article}
}

@article{RN668,
   author = {Higgs, Peter W.},
   title = {Broken Symmetries and the Masses of Gauge Bosons},
   journal = {Physical Review Letters},
   volume = {13},
   number = {16},
   pages = {508-509},
   url = {https://link.aps.org/doi/10.1103/PhysRevLett.13.508},
   year = {1964},
   type = {Journal Article}
}

@article{RN748,
   author = {Hill, Christopher T.},
   title = {Quark and lepton masses from renormalization-group fixed points},
   journal = {Physical Review D},
   volume = {24},
   number = {3},
   pages = {691-703},
   url = {https://link.aps.org/doi/10.1103/PhysRevD.24.691},
   year = {1981},
   type = {Journal Article}
}

@article{RN504,
   author = {Hinshaw, G. and Weiland, J. L. and Hill, R. S. and Odegard, N. and Larson, D. and Bennett, C. L. and Dunkley, J. and Gold, B. and Greason, M. R. and Jarosik, N. and Komatsu, E. and Nolta, M. R. and Page, L. and Spergel, D. N. and Wollack, E. and Halpern, M. and Kogut, A. and Limon, M. and Meyer, S. S. and Tucker, G. S. and Wright, E. L.},
   title = {Five-Year Wilkinson Microwave Anisotropy Probe Observations: Data Processing, Sky Maps, and Basic Results},
   journal = {The Astrophysical Journal Supplement Series},
   volume = {180},
   number = {2},
   pages = {225},
   ISSN = {0067-0049},
   url = {http://stacks.iop.org/0067-0049/180/i=2/a=225},
   year = {2009},
   type = {Journal Article}
}

@inbook{RN518,
   author = {Hooft, G. ’t},
   title = {Naturalness, Chiral Symmetry, and Spontaneous Chiral Symmetry Breaking},
   booktitle = {Recent Developments in Gauge Theories},
   editor = {Hooft, G. ’t and Itzykson, C. and Jaffe, A. and Lehmann, H. and Mitter, P. K. and Singer, I. M. and Stora, R.},
   publisher = {Springer US},
   address = {Boston, MA},
   pages = {135-157},
   ISBN = {978-1-4684-7571-5},
   DOI = {10.1007/978-1-4684-7571-5_9},
   url = {https://doi.org/10.1007/978-1-4684-7571-5_9},
   year = {1980},
   type = {Book Section}
}

@article{RN173,
   author = {Howard, Baer and Andre, Lessa and Shibi, Rajagopalan and Warintorn, Sreethawong},
   title = {Mixed axion/neutralino cold dark matter in supersymmetric models},
   journal = {Journal of Cosmology and Astroparticle Physics},
   volume = {2011},
   number = {06},
   pages = {031},
   ISSN = {1475-7516},
   url = {http://stacks.iop.org/1475-7516/2011/i=06/a=031},
   year = {2011},
   type = {Journal Article}
}

@article{RN545,
   author = {Iba\~{n}ez, Luis E.},
   title = {Grand unification with local supersymmetry},
   journal = {Nuclear Physics B},
   volume = {218},
   number = {2},
   pages = {514-544},
   ISSN = {0550-3213},
   DOI = {https://doi.org/10.1016/0550-3213(83)90378-4},
   url = {http://www.sciencedirect.com/science/article/pii/0550321383903784},
   year = {1983},
   type = {Journal Article}
}

@article{RN524,
   author = {Ib\'{a}\~{n}ez, L. E. and Ross, G. G.},
   title = {Low-energy predictions in supersymmetric grand unified theories},
   journal = {Physics Letters B},
   volume = {105},
   number = {6},
   pages = {439-442},
   ISSN = {0370-2693},
   DOI = {https://doi.org/10.1016/0370-2693(81)91200-4},
   url = {http://www.sciencedirect.com/science/article/pii/0370269381912004},
   year = {1981},
   type = {Journal Article}
}

@article{RN777,
   author = {Ibarra, Alejandro},
   title = {Tachyonic squarks in split supersymmetry},
   journal = {Physics Letters B},
   volume = {620},
   number = {3},
   pages = {164-173},
   ISSN = {0370-2693},
   DOI = {https://doi.org/10.1016/j.physletb.2005.06.046},
   url = {http://www.sciencedirect.com/science/article/pii/S0370269305008397},
   year = {2005},
   type = {Journal Article}
}

@article{RN593,
   author = {Isidori, G. and Mescia, F. and Paradisi, P. and Temes, D.},
   title = {Flavor physics at large tan $\ensuremath{\beta}$ with a binolike lightest supersymmetric particle},
   journal = {Physical Review D},
   volume = {75},
   number = {11},
   pages = {115019},
   url = {https://link.aps.org/doi/10.1103/PhysRevD.75.115019},
   year = {2007},
   type = {Journal Article}
}

@article{RN671,
   author = {Isidori, Gino and Paradisi, Paride},
   title = {Hints of large tanβ in flavour physics},
   journal = {Physics Letters B},
   volume = {639},
   number = {5},
   pages = {499-507},
   ISSN = {0370-2693},
   DOI = {https://doi.org/10.1016/j.physletb.2006.06.071},
   url = {http://www.sciencedirect.com/science/article/pii/S0370269306007787},
   year = {2006},
   type = {Journal Article}
}

@article{RN251,
   author = {Jack, I. and Jones, D. R. T.},
   title = {RG invariant solutions for the soft supersymmetry breaking parameters},
   journal = {Physics Letters B},
   volume = {465},
   number = {1},
   pages = {148-154},
   ISSN = {0370-2693},
   DOI = {http://dx.doi.org/10.1016/S0370-2693(99)01064-3},
   url = {http://www.sciencedirect.com/science/article/pii/S0370269399010643},
   year = {1999},
   type = {Journal Article}
}

@article{RN95,
   author = {James, P. Miller and Eduardo de, Rafael and Roberts, B. Lee},
   title = {Muon ( g − 2): experiment and theory},
   journal = {Reports on Progress in Physics},
   volume = {70},
   number = {5},
   pages = {795},
   ISSN = {0034-4885},
   url = {http://stacks.iop.org/0034-4885/70/i=5/a=R03},
   year = {2007},
   type = {Journal Article}
}

@article{RN99,
   author = {Jegerlehner, Fred and Nyffeler, Andreas},
   title = {The muon},
   journal = {Physics Reports},
   volume = {477},
   number = {1–3},
   pages = {1-110},
   ISSN = {0370-1573},
   DOI = {https://doi.org/10.1016/j.physrep.2009.04.003},
   url = {http://www.sciencedirect.com/science/article/pii/S0370157309001306},
   year = {2009},
   type = {Journal Article}
}

@article{RN628,
   author = {Jegerlehner, Fred and Nyffeler, Andreas},
   title = {The muon g−2},
   journal = {Physics Reports},
   volume = {477},
   number = {1},
   pages = {1-110},
   ISSN = {0370-1573},
   DOI = {https://doi.org/10.1016/j.physrep.2009.04.003},
   url = {http://www.sciencedirect.com/science/article/pii/S0370157309001306},
   year = {2009},
   type = {Journal Article}
}

@article{RN492,
   author = {Jelley, Nick and McDonald, Arthur B. and Robertson, R. G. Hamish},
   title = {The Sudbury Neutrino Observatory},
   journal = {Annual Review of Nuclear and Particle Science},
   volume = {59},
   number = {1},
   pages = {431-465},
   ISSN = {0163-8998},
   DOI = {10.1146/annurev.nucl.55.090704.151550},
   url = {https://doi.org/10.1146/annurev.nucl.55.090704.151550},
   year = {2009},
   type = {Journal Article}
}

@article{RN596,
   author = {John, Foster and Ken-ichi, Okumura and Leszek, Roszkowski},
   title = {Probing the flavour structure of supersymmetry breaking with rare B-processes — a beyond leading order analysis},
   journal = {Journal of High Energy Physics},
   volume = {2005},
   number = {08},
   pages = {094},
   ISSN = {1126-6708},
   url = {http://stacks.iop.org/1126-6708/2005/i=08/a=094},
   year = {2005},
   type = {Journal Article}
}

@article{RN527,
   author = {Jungman, Gerard and Kamionkowski, Marc and Griest, Kim},
   title = {Supersymmetric dark matter},
   journal = {Physics Reports},
   volume = {267},
   number = {5–6},
   pages = {195-373},
   ISSN = {0370-1573},
   DOI = {https://doi.org/10.1016/0370-1573(95)00058-5},
   url = {http://www.sciencedirect.com/science/article/pii/0370157395000585},
   year = {1996},
   type = {Journal Article}
}

@article{RN256,
   author = {Jur\v{C}I\v{S}In, M. and Kazakov, D. I.},
   title = {INFRARED QUASI FIXED POINTS AND MASS PREDICTIONS IN THE MSSM II: LARGE tan β SCENARIO},
   journal = {Modern Physics Letters A},
   volume = {14},
   number = {10n11},
   pages = {671-687},
   ISSN = {0217-7323},
   DOI = {10.1142/S0217732399000729},
   url = {https://doi.org/10.1142/S0217732399000729},
   year = {1999},
   type = {Journal Article}
}

@article{RN716,
   author = {Kaminska, Anna and Ross, Graham G. and Schmidt-Hoberg, Kai},
   title = {Non-universal gaugino masses and fine tuning implications for SUSY searches in the MSSM and the GNMSSM},
   journal = {Journal of High Energy Physics},
   volume = {2013},
   number = {11},
   pages = {209},
   ISSN = {1029-8479},
   DOI = {10.1007/JHEP11(2013)209},
   url = {https://doi.org/10.1007/JHEP11(2013)209},
   year = {2013},
   type = {Journal Article}
}

@article{RN710,
   author = {Kane, G. L. and King, S. F.},
   title = {Naturalness implications of LEP results},
   journal = {Physics Letters B},
   volume = {451},
   number = {1},
   pages = {113-122},
   ISSN = {0370-2693},
   DOI = {https://doi.org/10.1016/S0370-2693(99)00190-2},
   url = {http://www.sciencedirect.com/science/article/pii/S0370269399001902},
   year = {1999},
   type = {Journal Article}
}

@article{RN700,
   author = {Kane, G. L. and Kolda, Chris and Roszkowski, Leszek and Wells, James D.},
   title = {Study of constrained minimal supersymmetry},
   journal = {Physical Review D},
   volume = {49},
   number = {11},
   pages = {6173-6210},
   url = {https://link.aps.org/doi/10.1103/PhysRevD.49.6173},
   year = {1994},
   type = {Journal Article}
}

@article{RN689,
   author = {Kang, Zhaofeng and Li, Jinmian and Li, Tianjun},
   title = {On naturalness of the MSSM and NMSSM},
   journal = {Journal of High Energy Physics},
   volume = {2012},
   number = {11},
   pages = {24},
   ISSN = {1029-8479},
   DOI = {10.1007/JHEP11(2012)024},
   url = {https://doi.org/10.1007/JHEP11(2012)024},
   year = {2012},
   type = {Journal Article}
}

@article{RN577,
   author = {Katz, Andrey and Reece, Matthew and Sajjad, Aqil},
   title = {Naturalness, b → sγ, and SUSY heavy Higgses},
   journal = {Journal of High Energy Physics},
   volume = {2014},
   number = {10},
   pages = {102},
   ISSN = {1029-8479},
   DOI = {10.1007/JHEP10(2014)102},
   url = {https://doi.org/10.1007/JHEP10(2014)102},
   year = {2014},
   type = {Journal Article}
}

@inbook{RN633,
   author = {Knecht, Marc},
   title = {The Anomalous Magnetic Moment of the Muon: A Theoretical Introduction},
   booktitle = {Lectures on Flavor Physics},
   editor = {Meissner, Ulf- G. and Plessas, Willibald},
   publisher = {Springer Berlin Heidelberg},
   address = {Berlin, Heidelberg},
   pages = {37-84},
   ISBN = {978-3-540-44457-2},
   DOI = {10.1007/978-3-540-44457-2_2},
   url = {https://doi.org/10.1007/978-3-540-44457-2_2},
   year = {2004},
   type = {Book Section}
}

@article{RN206,
      author         = "Kobakhidze, Archil",
      title          = "{Standard Model with a distorted Higgs sector and the
                        enhanced Higgs diphoton decay rate}",
      year           = "2012",
      eprint         = "arXiv:1208.5180 [hep-ph]",
      archivePrefix  = "arXiv",
      primaryClass   = "hep-ph",
      SLACcitation   = "%%CITATION = ARXIV:1208.5180;%%"
}

@article{RN1,
   author = {Kobakhidze, Archil and Talia, Matthew},
   title = {The effective MSSM},
   journal = {Physics Letters B},
   volume = {751},
   pages = {251-255},
   ISSN = {0370-2693},
   DOI = {https://doi.org/10.1016/j.physletb.2015.10.046},
   url = {http://www.sciencedirect.com/science/article/pii/S0370269315008059},
   year = {2015},
   type = {Journal Article}
}

@article{RN2,
   author = {Kobakhidze, Archil and Talia, Matthew and Wu, Lei},
   title = {Probing the MSSM explanation of the muon g-2 anomaly in dark matter experiments and at a 100 TeV $pp$ collider},
   journal = {Physical Review D},
   volume = {95},
   number = {5},
   pages = {055023},
   url = {https://link.aps.org/doi/10.1103/PhysRevD.95.055023},
   year = {2017},
   type = {Journal Article}
}

@article{RN691,
   author = {Kowalska, Kamila and Sessolo, Enrico Maria},
   title = {Natural MSSM after the LHC 8 TeV run},
   journal = {Physical Review D},
   volume = {88},
   number = {7},
   pages = {075001},
   url = {https://link.aps.org/doi/10.1103/PhysRevD.88.075001},
   year = {2013},
   type = {Journal Article}
}

@article{RN726,
   author = {Kubo, Ryogo},
   title = {Statistical-Mechanical Theory of Irreversible Processes. I. General Theory and Simple Applications to Magnetic and Conduction Problems},
   journal = {Journal of the Physical Society of Japan},
   volume = {12},
   number = {6},
   pages = {570-586},
   ISSN = {0031-9015},
   DOI = {10.1143/JPSJ.12.570},
   url = {https://doi.org/10.1143/JPSJ.12.570},
   year = {1957},
   type = {Journal Article}
}

@article{RN752,
      author         = "Lebedev, Oleg and Nilles, Hans Peter and Ratz, Michael",
      title          = "{A Note on fine-tuning in mirage mediation}",
      booktitle      = "{CP Violation and the Flavour Puzzle: Symposium in Honour
                        of Gustavo C. Branco. GustavoFest 2005, Lisbon, Portugal,
                        July 2005}",
      year           = "2005",
      pages          = "211-221",
      eprint         = "hep-ph/0511320",
      archivePrefix  = "arXiv",
      primaryClass   = "hep-ph",
      SLACcitation   = "%%CITATION = HEP-PH/0511320;%%"
}

@article{RN660,
   author = {Lee, Benjamin W. and Quigg, C. and Thacker, H. B.},
   title = {Strength of Weak Interactions at Very High Energies and the Higgs Boson Mass},
   journal = {Physical Review Letters},
   volume = {38},
   number = {16},
   pages = {883-885},
   url = {https://link.aps.org/doi/10.1103/PhysRevLett.38.883},
   year = {1977},
   type = {Journal Article}
}

@article{RN659,
   author = {Lee, Benjamin W. and Quigg, C. and Thacker, H. B.},
   title = {Weak interactions at very high energies: The role of the Higgs-boson mass},
   journal = {Physical Review D},
   volume = {16},
   number = {5},
   pages = {1519-1531},
   url = {https://link.aps.org/doi/10.1103/PhysRevD.16.1519},
   year = {1977},
   type = {Journal Article}
}

@article{RN706,
   author = {Liu, Mengxi and Nath, Pran},
   title = {Higgs boson mass, proton decay, naturalness, and constraints of the LHC and Planck data},
   journal = {Physical Review D},
   volume = {87},
   number = {9},
   pages = {095012},
   url = {https://link.aps.org/doi/10.1103/PhysRevD.87.095012},
   year = {2013},
   type = {Journal Article}
}

@article{RN196,
   author = {Low, Matthew and Wang, Lian-Tao},
   title = {Neutralino dark matter at 14 TeV and 100 TeV},
   journal = {Journal of High Energy Physics},
   volume = {2014},
   number = {8},
   pages = {161},
   ISSN = {1029-8479},
   DOI = {10.1007/JHEP08(2014)161},
   url = {http://dx.doi.org/10.1007/JHEP08(2014)161},
   year = {2014},
   type = {Journal Article}
}

@article{RN591,
   author = {Lunghi, Enrico and Porod, Werner and Vives, Oscar},
   title = {Analysis of enhanced $\ensuremath{\beta}$ effects in minimal flavor violation GUT scenarios},
   journal = {Physical Review D},
   volume = {74},
   number = {7},
   pages = {075003},
   url = {https://link.aps.org/doi/10.1103/PhysRevD.74.075003},
   year = {2006},
   type = {Journal Article}
}

@article{RN658,
   author = {Manohar, Aneesh and Georgi, Howard},
   title = {Chiral quarks and the non-relativistic quark model},
   journal = {Nuclear Physics B},
   volume = {234},
   number = {1},
   pages = {189-212},
   ISSN = {0550-3213},
   DOI = {https://doi.org/10.1016/0550-3213(84)90231-1},
   url = {http://www.sciencedirect.com/science/article/pii/0550321384902311},
   year = {1984},
   type = {Journal Article}
}

@article{RN525,
   author = {Marciano, William J. and Senjanovi\'{c}, Goran},
   title = {Predictions of supersymmetric grand unified theories},
   journal = {Physical Review D},
   volume = {25},
   number = {11},
   pages = {3092-3095},
   url = {https://link.aps.org/doi/10.1103/PhysRevD.25.3092},
   year = {1982},
   type = {Journal Article}
}

@article{RN670,
   author = {Marco, Ciuchini and Livio, Conti and Andrea, Donini and Enrico, Franco and Vicent, Gimenez and Leonardo, Giusti and Vittorio, Lubicz and Guido, Martinelli and Antonio, Masiero and Ignazio, Scimemi and Luca, Silvestrini and Mauro, Talevi and Anastassios, Vladikas},
   title = {Δ M K and ##IMG## [http://ej.iop.org/icons/Entities/epsilon.gif] {epsilon} K in SUSY at the next-to-leading order},
   journal = {Journal of High Energy Physics},
   volume = {1998},
   number = {10},
   pages = {008},
   ISSN = {1126-6708},
   url = {http://stacks.iop.org/1126-6708/1998/i=10/a=008},
   year = {1998},
   type = {Journal Article}
}

@article{RN725,
   author = {Martin, Paul C. and Schwinger, Julian},
   title = {Theory of Many-Particle Systems. I},
   journal = {Physical Review},
   volume = {115},
   number = {6},
   pages = {1342-1373},
   url = {https://link.aps.org/doi/10.1103/PhysRev.115.1342},
   year = {1959},
   type = {Journal Article}
}

@article{RN75,
   author = {Martin, Stephen P.},
   title = {A Supersymmetry primer},
   journal = {Adv.Ser.Direct.High Energy Phys.},
   volume = {21},
   pages = {1-153},
   DOI = {10.1142/9789812839657_0001},
   year = {2010},
   type = {Journal Article}
}

@article{RN675,
   author = {Martin, Stephen P. and Wells, James D.},
   title = {Muon anomalous magnetic dipole moment in supersymmetric theories},
   journal = {Physical Review D},
   volume = {64},
   number = {3},
   pages = {035003},
   url = {https://link.aps.org/doi/10.1103/PhysRevD.64.035003},
   year = {2001},
   type = {Journal Article}
}

@article{RN727,
   author = {Matsubara, Takeo},
   title = {A New Approach to Quantum-Statistical Mechanics},
   journal = {Progress of Theoretical Physics},
   volume = {14},
   number = {4},
   pages = {351-378},
   ISSN = {0033-068X},
   DOI = {10.1143/PTP.14.351},
   url = {http://dx.doi.org/10.1143/PTP.14.351},
   year = {1955},
   type = {Journal Article}
}

@article{RN614,
   author = {Matteo, Cacciari and Gavin, P. Salam and Gregory, Soyez},
   title = {The anti- k t jet clustering algorithm},
   journal = {Journal of High Energy Physics},
   volume = {2008},
   number = {04},
   pages = {063},
   ISSN = {1126-6708},
   url = {http://stacks.iop.org/1126-6708/2008/i=04/a=063},
   year = {2008},
   type = {Journal Article}
}

@inbook{RN630,
   author = {Melnikov, Kirill and Vainshtein, Arkady},
   title = {Hadronic Light-by-light Scattering and the Muon Magnetic Anomaly},
   booktitle = {Theory of the Muon Anomalous Magnetic Moment},
   editor = {Melnikov, Kirill and Vainshtein, Arkady},
   publisher = {Springer Berlin Heidelberg},
   address = {Berlin, Heidelberg},
   pages = {121-144},
   ISBN = {978-3-540-32807-0},
   DOI = {10.1007/3-540-32807-6_6},
   url = {https://doi.org/10.1007/3-540-32807-6_6},
   year = {2006},
   type = {Book Section}
}

@article{RN627,
   author = {Bennett, G. W. and Bousquet, B. and Brown, H. N. and Bunce, G. and Carey, R. M. and Cushman, P. and Danby, G. T. and Debevec, P. T. and Deile, M. and Deng, H. and Deninger, W. and Dhawan, S. K. and Druzhinin, V. P. and Duong, L. and Efstathiadis, E. and Farley, F. J. M. and Fedotovich, G. V. and Giron, S. and Gray, F. E. and Grigoriev, D. and Grosse-Perdekamp, M. and Grossmann, A. and Hare, M. F. and Hertzog, D. W. and Huang, X. and Hughes, V. W. and Iwasaki, M. and Jungmann, K. and Kawall, D. and Kawamura, M. and Khazin, B. I. and Kindem, J. and Krienen, F. and Kronkvist, I. and Lam, A. and Larsen, R. and Lee, Y. Y. and Logashenko, I. and McNabb, R. and Meng, W. and Mi, J. and Miller, J. P. and Mizumachi, Y. and Morse, W. M. and Nikas, D. and Onderwater, C. J. G. and Orlov, Y. and Özben, C. S. and Paley, J. M. and Peng, Q. and Polly, C. C. and Pretz, J. and Prigl, R. and zu Putlitz, G. and Qian, T. and Redin, S. I. and Rind, O. and Roberts, B. L. and Ryskulov, N. and Sedykh, S. and Semertzidis, Y. K. and Shagin, P. and Shatunov, Yu M. and Sichtermann, E. P. and Solodov, E. and Sossong, M. and Steinmetz, A. and Sulak, L. R. and Timmermans, C. and Trofimov, A. and Urner, D. and von Walter, P. and Warburton, D. and Winn, D. and Yamamoto, A. and Zimmerman, D.},
   title = {Final report of the E821 muon anomalous magnetic moment measurement at BNL},
collaboration = {Muon g Collaboration},
   journal = {Physical Review D},
   volume = {73},
   number = {7},
   pages = {072003},
   url = {https://link.aps.org/doi/10.1103/PhysRevD.73.072003},
   year = {2006},
   type = {Journal Article}
}

@article{RN559,
   author = {Nappi, Chiara R. and Ovrut, Burt A.},
   title = {Supersymmetric extension of the SU(3)×SU(2)×U(1) model},
   journal = {Physics Letters B},
   volume = {113},
   number = {2},
   pages = {175-179},
   ISSN = {0370-2693},
   DOI = {https://doi.org/10.1016/0370-2693(82)90418-X},
   url = {http://www.sciencedirect.com/science/article/pii/037026938290418X},
   year = {1982},
   type = {Journal Article}
}

@article{RN542,
   author = {Nilles, H. P.},
   title = {Supersymmetry, supergravity and particle physics},
   journal = {Physics Reports},
   volume = {110},
   number = {1–2},
   pages = {1-162},
   ISSN = {0370-1573},
   DOI = {https://doi.org/10.1016/0370-1573(84)90008-5},
   url = {http://www.sciencedirect.com/science/article/pii/0370157384900085},
   year = {1984},
   type = {Journal Article}
}

@article{RN546,
   author = {Nilles, H. P. and Srednicki, M. and Wyler, D.},
   title = {Weak interaction breakdown induced by supergravity},
   journal = {Physics Letters B},
   volume = {120},
   number = {4–6},
   pages = {346-348},
   ISSN = {0370-2693},
   DOI = {https://doi.org/10.1016/0370-2693(83)90460-4},
   url = {http://www.sciencedirect.com/science/article/pii/0370269383904604},
   year = {1983},
   type = {Journal Article}
}

@misc{RN491,
   volume = {2017},
   number = {28 Jul 2017},
eprint = {Press Release, http://www.nobelprize.org/nobel\_prizes/physics/laureates/2015/press.html (Date Accessed: 28 Jul 2017)},
   type = {Web Page}
}

@misc{RN505,
   number = {30 Jul 2017},
   eprint = {Press Release, http://www.nobelprize.org/nobel\_prizes/physics/laureates/2011/press.html (Date Accessed: 30 Jul 2017)},
   type = {Web Page}
}

@book{RN759,
   author = {Nolan, Christopher},
   title = {Interstellar},
   publisher = {Warner Bros., Paramount Pictures},
   year = {2014},
   type = {Book}
}

@article{RN634,
   author = {Nomura, Daisuke and Teubner, Thomas},
   title = {Hadronic contributions to the anomalous magnetic moment of the electron and the hyperfine splitting of muonium},
   journal = {Nuclear Physics B},
   volume = {867},
   number = {2},
   pages = {236-243},
   ISSN = {0550-3213},
   DOI = {https://doi.org/10.1016/j.nuclphysb.2012.10.001},
   url = {http://www.sciencedirect.com/science/article/pii/S0550321312005482},
   year = {2013},
   type = {Journal Article}
}

@article{RN548,
   author = {Ohta, Nobuyoshi},
   title = {Grand Unified Theories Based on Local Supersymmetry},
   journal = {Progress of Theoretical Physics},
   volume = {70},
   number = {2},
   pages = {542-549},
   ISSN = {0033-068X},
   DOI = {10.1143/PTP.70.542},
   url = {http://dx.doi.org/10.1143/PTP.70.542},
   year = {1983},
   type = {Journal Article}
}

@article{RN493,
   author = {Olive, K. A. and Particle Data, Group},
   title = {Review of Particle Physics},
   journal = {Chinese Physics C},
   volume = {38},
   number = {9},
   pages = {090001},
   ISSN = {1674-1137},
   url = {http://stacks.iop.org/1674-1137/38/i=9/a=090001},
   year = {2014},
   type = {Journal Article}
}

@book{RN779,
   author = {Olver, F.W.J. and Rheinbolt, W.},
   title = {Asymptotics and Special Functions},
   publisher = {Elsevier Science},
   ISBN = {9781483267449},
   url = {https://books.google.com.au/books?id=JLziBQAAQBAJ},
   year = {2014},
   type = {Book}
}

@article{RN253,
   author = {Padley, B. Paul and Sinha, Kuver and Wang, Kechen},
   title = {Natural supersymmetry, muon $g\ensuremath{-}2$, and the last crevices for the top squark},
   journal = {Physical Review D},
   volume = {92},
   number = {5},
   pages = {055025},
   url = {https://link.aps.org/doi/10.1103/PhysRevD.92.055025},
   year = {2015},
   type = {Journal Article}
}

@article{RN604,
   author = {Panda, X. I. I. Collaboration and Tan, Andi and Xiao, Mengjiao and Cui, Xiangyi and Chen, Xun and Chen, Yunhua and Fang, Deqing and Fu, Changbo and Giboni, Karl and Giuliani, Franco and Gong, Haowei and Guo, Xuyuan and Han, Ke and Hu, Shouyang and Huang, Xingtao and Ji, Xiangdong and Ju, Yonglin and Lei, Siao and Li, Shaoli and Li, Xiaomei and Li, Xinglong and Liang, Hao and Lin, Qing and Liu, Huaxuan and Liu, Jianglai and Lorenzon, Wolfgang and Ma, Yugang and Mao, Yajun and Ni, Kaixuan and Ren, Xiangxiang and Schubnell, Michael and Shen, Manbin and Shi, Fang and Wang, Hongwei and Wang, Jimin and Wang, Meng and Wang, Qiuhong and Wang, Siguang and Wang, Xuming and Wang, Zhou and Wu, Shiyong and Xiao, Xiang and Xie, Pengwei and Yan, Binbin and Yang, Yong and Yue, Jianfeng and Zeng, Xionghui and Zhang, Hongguang and Zhang, Hua and Zhang, Huanqiao and Zhang, Tao and Zhao, Li and Zhou, Jing and Zhou, Ning and Zhou, Xiaopeng},
   title = {Dark Matter Results from First 98.7 Days of Data from the PandaX-II Experiment},
   journal = {Physical Review Letters},
   volume = {117},
   number = {12},
   pages = {121303},
   url = {https://link.aps.org/doi/10.1103/PhysRevLett.117.121303},
   year = {2016},
   type = {Journal Article}
}

@article{RN594,
   author = {Paradisi, Paride and Ratz, Michael and Schieren, Roland and Simonetto, Cristoforo},
   title = {Running minimal flavor violation},
   journal = {Physics Letters B},
   volume = {668},
   number = {3},
   pages = {202-209},
   ISSN = {0370-2693},
   DOI = {https://doi.org/10.1016/j.physletb.2008.08.025},
   url = {http://www.sciencedirect.com/science/article/pii/S0370269308009829},
   year = {2008},
   type = {Journal Article}
}

@article{RN575,
   author = {Paride, Paradisi},
   title = {Constraints on SUSY lepton flavour violation by rare processes},
   journal = {Journal of High Energy Physics},
   volume = {2005},
   number = {10},
   pages = {006},
   ISSN = {1126-6708},
   url = {http://stacks.iop.org/1126-6708/2005/i=10/a=006},
   year = {2005},
   type = {Journal Article}
}

@article{RN632,
   author = {Passera, M.},
   title = {The standard model prediction of the muon anomalous magnetic moment},
   journal = {Journal of Physics G: Nuclear and Particle Physics},
   volume = {31},
   number = {5},
   pages = {R75},
   ISSN = {0954-3899},
   url = {http://stacks.iop.org/0954-3899/31/i=5/a=R01},
   year = {2005},
   type = {Journal Article}
}

@article{RN496,
   author = {Patrignani, C. and Particle Data, Group},
   title = {Review of Particle Physics},
   journal = {Chinese Physics C},
   volume = {40},
   number = {10},
   pages = {100001},
   ISSN = {1674-1137},
   url = {http://stacks.iop.org/1674-1137/40/i=10/a=100001},
   year = {2016},
   type = {Journal Article}
}

@article{RN747,
   author = {Pendleton, B. and Ross, G. G.},
   title = {Mass and mixing angle predictions from infra-red fixed points},
   journal = {Physics Letters B},
   volume = {98},
   number = {4},
   pages = {291-294},
   ISSN = {0370-2693},
   DOI = {https://doi.org/10.1016/0370-2693(81)90017-4},
   url = {http://www.sciencedirect.com/science/article/pii/0370269381900174},
   year = {1981},
   type = {Journal Article}
}

@article{RN510,
   author = {Perlmutter, S. and Aldering, G. and Goldhaber, G. and Knop, R. A. and Nugent, P. and Castro, P. G. and Deustua, S. and Fabbro, S. and Goobar, A. and Groom, D. E. and Hook, I. M. and Kim, A. G. and Kim, M. Y. and Lee, J. C. and Nunes, N. J. and Pain, R. and Pennypacker, C. R. and Quimby, R. and Lidman, C. and Ellis, R. S. and Irwin, M. and McMahon, R. G. and Ruiz-Lapuente, P. and Walton, N. and Schaefer, B. and Boyle, B. J. and Filippenko, A. V. and Matheson, T. and Fruchter, A. S. and Panagia, N. and Newberg, H. J. M. and Couch, W. J. and The Supernova Cosmology, Project},
   title = {Measurements of Ω and Λ from 42 High-Redshift Supernovae},
   journal = {The Astrophysical Journal},
   volume = {517},
   number = {2},
   pages = {565},
   ISSN = {0004-637X},
   url = {http://stacks.iop.org/0004-637X/517/i=2/a=565},
   year = {1999},
   type = {Journal Article}
}

@article{RN511,
   author = {Perlmutter, S. and Gabi, S. and Goldhaber, G. and Goobar, A. and Groom, D. E. and Hook, I. M. and Kim, A. G. and Kim, M. Y. and Lee, J. C. and Pain, R. and Pennypacker, C. R. and Small, I. A. and Ellis, R. S. and McMahon, R. G. and Boyle, B. J. and Bunclark, P. S. and Carter, D. and Irwin, M. J. and Glazebrook, K. and Newberg, H. J. M. and Filippenko, A. V. and Matheson, T. and Dopita, M. and Couch, W. J.},
   title = {Measurements of the Cosmological Parameters Ω and Λ from the First Seven Supernovae at z ≥ 0.35},
   journal = {The Astrophysical Journal},
   volume = {483},
   number = {2},
   pages = {565},
   ISSN = {0004-637X},
   url = {http://stacks.iop.org/0004-637X/483/i=2/a=565},
   year = {1997},
   type = {Journal Article}
}

@article{RN762,
   author = {Peter, Skands and Benjamin, C. Allanach and Howard, Baer and Csaba, Balázs and Genevieve, Bélanger and Fawzi, Boudjema and Abdelhak, Djouadi and Rohini, Godbole and Jaume, Guasch and Sven, Heinemeyer and Wolfgang, Kilian and Jean-Loic, Kneur and Sabine, Kraml and Filip, Moortgat and Stefano, Moretti and Margarete, Mühlleitner and Werner, Porod and Alexander, Pukhov and Peter, Richardson and Steffen, Schumann and Pietro, Slavich and Michael, Spira and Georg, Weiglein},
   title = {SUSY Les Houches accord: interfacing SUSY spectrum calculators, decay packages, and event generators},
   journal = {Journal of High Energy Physics},
   volume = {2004},
   number = {07},
   pages = {036},
   ISSN = {1126-6708},
   url = {http://stacks.iop.org/1126-6708/2004/i=07/a=036},
   year = {2004},
   type = {Journal Article}
}

@article{RN741,      
      author         = "Pierce, Damien",
      title          = "{Weak scale threshold corrections in supersymmetric
                        models}",
      booktitle      = "{International Workshop on supersymmetry and unification
                        of fundamental interactions (SUSY 94)}",
      year           = "1994",
      pages          = "0418-422",
      eprint         = "hep-ph/9407202",
      archivePrefix  = "arXiv",
      primaryClass   = "hep-ph",
      reportNumber   = "JHU-TIPAC-940010",
      SLACcitation   = "%%CITATION = HEP-PH/9407202;%%"
}

@article{RN743,
   author = {Pierce, Damien M. and Bagger, Jonathan A. and Matchev, Konstantin T. and Zhang, Ren-Jie},
   title = {Precision corrections in the minimal supersymmetric standard model},
   journal = {Nuclear Physics B},
   volume = {491},
   number = {1},
   pages = {3-67},
   ISSN = {0550-3213},
   DOI = {https://doi.org/10.1016/S0550-3213(96)00683-9},
   url = {http://www.sciencedirect.com/science/article/pii/S0550321396006839},
   year = {1997},
   type = {Journal Article}
}

@article{RN498,
   author = {Ade, P. A. R. and Aghanim, N. and Alves, M. I. R. and Armitage-Caplan, C. and Arnaud, M. and Ashdown, M. and Atrio-Barandela, F. and Aumont, J. and Aussel, H. and Baccigalupi, C. and Banday, A. J. and Barreiro, R. B. and Barrena, R. and Bartelmann, M. and Bartlett, J. G. and Bartolo, N. and Basak, S. and Battaner, E. and Battye, R. and Benabed, K. and Benoît, A. and Benoit-Lévy, A. and Bernard, J. P. and Bersanelli, M. and Bertincourt, B. and Bethermin, M. and Bielewicz, P. and Bikmaev, I. and Blanchard, A. and Bobin, J. and Bock, J. J. and Böhringer, H. and Bonaldi, A. and Bonavera, L. and Bond, J. R. and Borrill, J. and Bouchet, F. R. and Boulanger, F. and Bourdin, H. and Bowyer, J. W. and Bridges, M. and Brown, M. L. and Bucher, M. and Burenin, R. and Burigana, C. and Butler, R. C. and Calabrese, E. and Cappellini, B. and Cardoso, J. F. and Carr, R. and Carvalho, P. and Casale, M. and Castex, G. and Catalano, A. and Challinor, A. and Chamballu, A. and Chary, R. R. and Chen, X. and Chiang, H. C. and Chiang, L. Y. and Chon, G. and Christensen, P. R. and Churazov, E. and Church, S. and Clemens, M. and Clements, D. L. and Colombi, S. and Colombo, L. P. L. and Combet, C. and Comis, B. and Couchot, F. and Coulais, A. and Crill, B. P. and Cruz, M. and Curto, A. and Cuttaia, F. and Da Silva, A. and Dahle, H. and Danese, L. and Davies, R. D. and Davis, R. J. and de Bernardis, P. and de Rosa, A. and de Zotti, G. and Déchelette, T. and Delabrouille, J. and Delouis, J. M. and Démoclès, J. and Désert, F. X. and Dick, J. and Dickinson, C. and Diego, J. M. and Dolag, K. and Dole, H. and Donzelli, S. and Doré, O. and Douspis, M. and Ducout, A. and Dunkley, J. and others },
   collaboration = {Planck Collaboration},
   title = {Planck 2013 results. I. Overview of products and scientific results},
   journal = {A\&A},
   volume = {571},
   url = {https://doi.org/10.1051/0004-6361/201321529},
   year = {2014},
   type = {Journal Article}
}

@article{RN499,
   author = {Ade, P. A. R. and Aghanim, N. and Arnaud, M. and Ashdown, M. and Aumont, J. and Baccigalupi, C. and Banday, A. J. and Barreiro, R. B. and Bartlett, J. G. and Bartolo, N. and Battaner, E. and Battye, R. and Benabed, K. and Benoît, A. and Benoit-Lévy, A. and Bernard, J. P. and Bersanelli, M. and Bielewicz, P. and Bock, J. J. and Bonaldi, A. and Bonavera, L. and Bond, J. R. and Borrill, J. and Bouchet, F. R. and Boulanger, F. and Bucher, M. and Burigana, C. and Butler, R. C. and Calabrese, E. and Cardoso, J. F. and Catalano, A. and Challinor, A. and Chamballu, A. and Chary, R. R. and Chiang, H. C. and Chluba, J. and Christensen, P. R. and Church, S. and Clements, D. L. and Colombi, S. and Colombo, L. P. L. and Combet, C. and Coulais, A. and Crill, B. P. and Curto, A. and Cuttaia, F. and Danese, L. and Davies, R. D. and Davis, R. J. and de Bernardis, P. and de Rosa, A. and de Zotti, G. and Delabrouille, J. and Désert, F. X. and Di Valentino, E. and Dickinson, C. and Diego, J. M. and Dolag, K. and Dole, H. and Donzelli, S. and Doré, O. and Douspis, M. and Ducout, A. and Dunkley, J. and Dupac, X. and Efstathiou, G. and Elsner, F. and Enßlin, T. A. and Eriksen, H. K. and Farhang, M. and Fergusson, J. and Finelli, F. and Forni, O. and Frailis, M. and Fraisse, A. A. and Franceschi, E. and Frejsel, A. and Galeotta, S. and Galli, S. and Ganga, K. and Gauthier, C. and Gerbino, M. and Ghosh, T. and Giard, M. and Giraud-Héraud, Y. and Giusarma, E. and Gjerløw, E. and González-Nuevo, J. and Górski, K. M. and Gratton, S. and Gregorio, A. and Gruppuso, A. and Gudmundsson, J. E. and Hamann, J. and Hansen, F. K. and Hanson, D. and Harrison, D. L. and Helou, G. and Henrot-Versillé, S. and others },
   collaboration = {Planck Collaboration},
   title = {Planck 2015 results},
   journal = {A\&A},
   volume = {594},
   url = {https://doi.org/10.1051/0004-6361/201525830},
   year = {2016},
   type = {Journal Article}
}

@article{RN746,
   author = {Polonsky, Nir},
   title = {Supersymmetry: Structure and phenomena. Extensions of the standard model},
   journal = {Lect.Notes Phys.Monogr.},
   volume = {68},
   pages = {1-169},
   DOI = {10.1007/3-540-44642-7},
   year = {2001},
   type = {Journal Article}
}

@article{RN178,
   author = {Porod, W.},
   title = {SPheno, a program for calculating supersymmetric spectra, SUSY particle decays and SUSY particle production at e+e− colliders},
   journal = {Computer Physics Communications},
   volume = {153},
   number = {2},
   pages = {275-315},
   ISSN = {0010-4655},
   DOI = {http://dx.doi.org/10.1016/S0010-4655(03)00222-4},
   url = {http://www.sciencedirect.com/science/article/pii/S0010465503002224},
   year = {2003},
   type = {Journal Article}
}

@article{RN771,
   author = {Porod, Werner and Staub, Florian and Vicente, Avelino},
   title = {A flavor kit for BSM models},
   journal = {The European Physical Journal C},
   volume = {74},
   number = {8},
   pages = {2992},
   ISSN = {1434-6052},
   DOI = {10.1140/epjc/s10052-014-2992-2},
   url = {https://doi.org/10.1140/epjc/s10052-014-2992-2},
   year = {2014},
   type = {Journal Article}
}

@article{RN77,
      author         = "Quiros, Mariano",
      title          = "{Finite temperature field theory and phase transitions}",
      booktitle      = "{Proceedings, Summer School in High-energy physics and
                        cosmology: Trieste, Italy, June 29-July 17, 1998}",
      year           = "1999",
      pages          = "187-259",
      eprint         = "hep-ph/9901312",
      archivePrefix  = "arXiv",
      primaryClass   = "hep-ph",
      reportNumber   = "IEM-FT-187-99",
      SLACcitation   = "%%CITATION = HEP-PH/9901312;%%"
}

@article{RN776,
   author = {Derm\'{\i}\~{s}ek, Radovan and Kim, Hyung Do and Kim, Ian-Woo},
   title = {Mediation of supersymmetry breaking in gauge messenger models},
   journal = {Journal of High Energy Physics},
   volume = {2006},
   number = {10},
   pages = {001},
   ISSN = {1126-6708},
   url = {http://stacks.iop.org/1126-6708/2006/i=10/a=001},
   year = {2006},
   type = {Journal Article}
}

@article{RN564,
   author = {Randall, Lisa and Sundrum, Raman},
   title = {Out of this world supersymmetry breaking},
   journal = {Nuclear Physics B},
   volume = {557},
   number = {1–2},
   pages = {79-118},
   ISSN = {0550-3213},
   DOI = {https://doi.org/10.1016/S0550-3213(99)00359-4},
   url = {http://www.sciencedirect.com/science/article/pii/S0550321399003594},
   year = {1999},
   type = {Journal Article}
}

@article{RN797,
   author = {Riotto, Antonio and Senjanovi\'{c}, Goran},
   title = {Supersymmetry and Broken Symmetries at High Temperature},
   journal = {Physical Review Letters},
   volume = {79},
   number = {3},
   pages = {349-352},
   DOI = {10.1103/PhysRevLett.79.349},
   url = {https://link.aps.org/doi/10.1103/PhysRevLett.79.349},
   year = {1997},
   type = {Journal Article}
}

@article{RN5,
   author = {Ross, Graham G. and Schmidt-Hoberg, Kai and Staub, Florian},
   title = {Revisiting fine-tuning in the MSSM},
   journal = {Journal of High Energy Physics},
   volume = {2017},
   number = {3},
   pages = {21},
   ISSN = {1029-8479},
   DOI = {10.1007/jhep03(2017)021},
   url = {http://dx.doi.org/10.1007/JHEP03(2017)021},
   year = {2017},
   type = {Journal Article}
}

@article{RN502,
   author = {Rubin, Vera C. and Ford, W.Kent, Jr.},
   title = {Rotation of the Andromeda Nebula from a Spectroscopic Survey of Emission Regions},
   journal = {Astrophys.J.},
   volume = {159},
   pages = {379-403},
   DOI = {10.1086/150317},
   year = {1970},
   type = {Journal Article}
}

@article{RN503,
   author = {Rubin, V.C. and Thonnard, N. and Ford, W.K., Jr.},
   title = {Rotational properties of 21 SC galaxies with a large range of luminosities and radii, from NGC 4605 /R = 4kpc/ to UGC 2885 /R = 122 kpc/},
   journal = {Astrophys.J.},
   volume = {238},
   pages = {471},
   DOI = {10.1086/158003},
   year = {1980},
   type = {Journal Article}
}

@article{RN186,
   author = {Schwaller, Pedro and Zurita, José},
   title = {Compressed electroweakino spectra at the LHC},
   journal = {Journal of High Energy Physics},
   volume = {2014},
   number = {3},
   pages = {60},
   ISSN = {1029-8479},
   DOI = {10.1007/JHEP03(2014)060},
   url = {http://dx.doi.org/10.1007/JHEP03(2014)060},
   year = {2014},
   type = {Journal Article}
}

@book{RN517,
   author = {Schwartz, M.D.},
   title = {Quantum Field Theory and the Standard Model},
   publisher = {Cambridge University Press},
   ISBN = {9781107034730},
   url = {https://books.google.com.au/books?id=HbdEAgAAQBAJ},
   year = {2014},
   type = {Book}
}

@article{RN581,
   author = {Sekhar Chivukula, B. and Georgi, Howard},
   title = {Composite-technicolor standard model},
   journal = {Physics Letters B},
   volume = {188},
   number = {1},
   pages = {99-104},
   ISSN = {0370-2693},
   DOI = {https://doi.org/10.1016/0370-2693(87)90713-1},
   url = {http://www.sciencedirect.com/science/article/pii/0370269387907131},
   year = {1987},
   type = {Journal Article}
}

@inbook{RN789,
   author = {Senjanovi\'{c}, Goran},
   title = {Rochelle salt: a prototype of particle physics},
   booktitle = {COSMO-97},
   pages = {437-445},
   DOI = {10.1142/9789814447263_0062},
   url = {https://www.worldscientific.com/doi/abs/10.1142/9789814447263_0062},
   type = {Book Section}
}

@book{RN521,
   author = {Shifman, M.},
   title = {Advanced Topics in Quantum Field Theory: A Lecture Course},
   publisher = {Cambridge University Press},
   ISBN = {9781139501880},
   url = {https://books.google.com.au/books?id=zeQuWycXV3oC},
   year = {2012},
   type = {Book}
}

@article{RN692,
   author = {Siegel, Warren},
   title = {Supersymmetric dimensional regularization via dimensional reduction},
   journal = {Physics Letters B},
   volume = {84},
   number = {2},
   pages = {193-196},
   ISSN = {0370-2693},
   DOI = {https://doi.org/10.1016/0370-2693(79)90282-X},
   url = {http://www.sciencedirect.com/science/article/pii/037026937990282X},
   year = {1979},
   type = {Journal Article}
}

@article{RN569,
   author = {Sirunyan, A. M. and Tumasyan, A. and Adam, W. and Asilar, E. and Bergauer, T. and Brandstetter, J. and Brondolin, E. and Dragicevic, M. and Erö, J. and Flechl, M. and Friedl, M. and Frühwirth, R. and Ghete, V. M. and Hartl, C. and Hörmann, N. and Hrubec, J. and Jeitler, M. and König, A. and Krätschmer, I. and Liko, D. and Matsushita, T. and Mikulec, I. and Rabady, D. and Rad, N. and Rahbaran, B. and Rohringer, H. and Schieck, J. and Strauss, J. and Waltenberger, W. and Wulz, C. E. and Chekhovsky, V. and Dvornikov, O. and Dydyshka, Y. and Emeliantchik, I. and Litomin, A. and Makarenko, V. and Mossolov, V. and Stefanovitch, R. and Suarez Gonzalez, J. and Zykunov, V. and Shumeiko, N. and Alderweireldt, S. and De Wolf, E. A. and Janssen, X. and Lauwers, J. and Van De Klundert, M. and Van Haevermaet, H. and Van Mechelen, P. and Van Remortel, N. and Van Spilbeeck, A. and Abu Zeid, S. and Blekman, F. and D’Hondt, J. and Daci, N. and De Bruyn, I. and Deroover, K. and Lowette, S. and Moortgat, S. and Moreels, L. and Olbrechts, A. and Python, Q. and Skovpen, K. and Tavernier, S. and Van Doninck, W. and Van Mulders, P. and Van Parijs, I. and Brun, H. and Clerbaux, B. and De Lentdecker, G. and Delannoy, H. and Fasanella, G. and Favart, L. and Goldouzian, R. and Grebenyuk, A. and Karapostoli, G. and Lenzi, T. and Léonard, A. and Luetic, J. and Maerschalk, T. and Marinov, A. and Randle-conde, A. and Seva, T. and Vander Velde, C. and Vanlaer, P. and Vannerom, D. and Yonamine, R. and Zenoni, F. and Zhang, F. and Cimmino, A. and Cornelis, T. and Dobur, D. and Fagot, A. and Gul, M. and Khvastunov, I. and Poyraz, D. and Salva, S. and Schöfbeck, R. and Tytgat, M. and Van Driessche, W. and Yazgan, E. and others },
   title = {Searches for pair production of third-generation squarks in $$\sqrt{s}=13$$ s = 13 $$\,\text {TeV}$$ TeV pp collisions},
   journal = {The European Physical Journal C},
   volume = {77},
   number = {5},
   pages = {327},
   ISSN = {1434-6052},
   DOI = {10.1140/epjc/s10052-017-4853-2},
   url = {https://doi.org/10.1140/epjc/s10052-017-4853-2},
   year = {2017},
   type = {Journal Article}
}

@article{RN652,
   author = {Srednicki, Mark and Watkins, Richard},
   title = {Coherent couplings of neutralinos to nuclei from squark mixing},
   journal = {Physics Letters B},
   volume = {225},
   number = {1},
   pages = {140-142},
   ISSN = {0370-2693},
   DOI = {https://doi.org/10.1016/0370-2693(89)91024-1},
   url = {http://www.sciencedirect.com/science/article/pii/0370269389910241},
   year = {1989},
   type = {Journal Article}
}

@article{RN310,
   author = {Staub, Florian},
   title = {SARAH   4: A tool for (not only SUSY) model builders},
   journal = {Computer Physics Communications},
   volume = {185},
   number = {6},
   pages = {1773-1790},
   ISSN = {0010-4655},
   DOI = {http://dx.doi.org/10.1016/j.cpc.2014.02.018},
   url = {http://www.sciencedirect.com/science/article/pii/S0010465514000629},
   year = {2014},
   type = {Journal Article}
}

@article{RN648,
   author = {Sumner, T. J.},
   title = {The ZEPLIN III dark matter project},
   journal = {New Astronomy Reviews},
   volume = {49},
   number = {2},
   pages = {277-281},
   ISSN = {1387-6473},
   DOI = {https://doi.org/10.1016/j.newar.2005.01.018},
   url = {http://www.sciencedirect.com/science/article/pii/S1387647305000394},
   year = {2005},
   type = {Journal Article}
}

@article{RN530,
   author = {Fukuda, Y. and Hayakawa, T. and Ichihara, E. and Inoue, K. and Ishihara, K. and Ishino, H. and Itow, Y. and Kajita, T. and Kameda, J. and Kasuga, S. and Kobayashi, K. and Kobayashi, Y. and Koshio, Y. and Miura, M. and Nakahata, M. and Nakayama, S. and Okada, A. and Okumura, K. and Sakurai, N. and Shiozawa, M. and Suzuki, Y. and Takeuchi, Y. and Totsuka, Y. and Yamada, S. and Earl, M. and Habig, A. and Kearns, E. and Messier, M. D. and Scholberg, K. and Stone, J. L. and Sulak, L. R. and Walter, C. W. and Goldhaber, M. and Barszczxak, T. and Casper, D. and Gajewski, W. and Halverson, P. G. and Hsu, J. and Kropp, W. R. and Price, L. R. and Reines, F. and Smy, M. and Sobel, H. W. and Vagins, M. R. and Ganezer, K. S. and Keig, W. E. and Ellsworth, R. W. and Tasaka, S. and Flanagan, J. W. and Kibayashi, A. and Learned, J. G. and Matsuno, S. and Stenger, V. J. and Takemori, D. and Ishii, T. and Kanzaki, J. and Kobayashi, T. and Mine, S. and Nakamura, K. and Nishikawa, K. and Oyama, Y. and Sakai, A. and Sakuda, M. and Sasaki, O. and Echigo, S. and Kohama, M. and Suzuki, A. T. and Haines, T. J. and Blaufuss, E. and Kim, B. K. and Sanford, R. and Svoboda, R. and Chen, M. L. and Conner, Z. and Goodman, J. A. and Sullivan, G. W. and Hill, J. and Jung, C. K. and Martens, K. and Mauger, C. and McGrew, C. and Sharkey, E. and Viren, B. and Yanagisawa, C. and Doki, W. and Miyano, K. and Okazawa, H. and Saji, C. and Takahata, M. and Nagashima, Y. and Takita, M. and Yamaguchi, T. and Yoshida, M. and Kim, S. B. and Etoh, M. and Fujita, K. and Hasegawa, A. and Hasegawa, T. and Hatakeyama, S. and others },
   collaboration = {Super-Kamiokande Collaboration},
   title = {Evidence for Oscillation of Atmospheric Neutrinos},
   journal = {Physical Review Letters},
   volume = {81},
   number = {8},
   pages = {1562-1567},
   url = {https://link.aps.org/doi/10.1103/PhysRevLett.81.1562},
   year = {1998},
   type = {Journal Article}
}

@article{RN514,
   author = {t Hooft, G.},
   title = {Dimensional regularization and the renormalization group},
   journal = {Nuclear Physics B},
   volume = {61},
   pages = {455-468},
   ISSN = {0550-3213},
   DOI = {http://dx.doi.org/10.1016/0550-3213(73)90376-3},
   url = {http://www.sciencedirect.com/science/article/pii/0550321373903763},
   year = {1973},
   type = {Journal Article}
}

@article{RN552,
      author         = "Takhistov, Volodymyr",
      title          = "{Review of Nucleon Decay Searches at Super-Kamiokande}",
      booktitle      = "{Proceedings, 51st Rencontres de Moriond on Electroweak
                        Interactions and Unified Theories: La Thuile, Italy, March
                        12-19, 2016}",
      collaboration  = "Super-Kamiokande",
      year           = "2016",
      url            = "https://inspirehep.net/record/1457596/files/arXiv:1605.03235.pdf",
      pages          = "437-444",
      eprint         = "arXiv:1605.03235 [hep-ex]",
      archivePrefix  = "arXiv",
      primaryClass   = "hep-ex",
      reportNumber   = "UCI-TR-2016-11",
      SLACcitation   = "%%CITATION = ARXIV:1605.03235;%%"
}

@article{RN760,
   author = {Talia, Matthew and Kobakhidze, Archil and Wu, Lei},
   title = {The muon g-2 and dark matter in the MSSM at 100 TeV},
   journal = {PoS},
   volume = {EPS-HEP2017},
   pages = {343},
   DOI = {10.22323/1.314.0343},
   year = {2017},
   type = {Journal Article}
}

@article{RN551,
   author = {Nishino, H. and Abe, K. and Hayato, Y. and Iida, T. and Ikeda, M. and Kameda, J. and Koshio, Y. and Miura, M. and Moriyama, S. and Nakahata, M. and Nakayama, S. and Obayashi, Y. and Sekiya, H. and Shiozawa, M. and Suzuki, Y. and Takeda, A. and Takenaga, Y. and Takeuchi, Y. and Ueno, K. and Ueshima, K. and Watanabe, H. and Yamada, S. and Hazama, S. and Higuchi, I. and Ishihara, C. and Kaji, H. and Kajita, T. and Kaneyuki, K. and Mitsuka, G. and Okumura, K. and Tanimoto, N. and Dufour, F. and Kearns, E. and Litos, M. and Raaf, J. L. and Stone, J. L. and Sulak, L. R. and Goldhaber, M. and Bays, K. and Cravens, J. P. and Kropp, W. R. and Mine, S. and Regis, C. and Smy, M. B. and Sobel, H. W. and Ganezer, K. S. and Hill, J. and Keig, W. E. and Jang, J. S. and Kim, J. Y. and Lim, I. T. and Albert, J. B. and Scholberg, K. and Walter, C. W. and Wendell, R. and Ishizuka, T. and Tasaka, S. and Learned, J. G. and Matsuno, S. and Watanabe, Y. and Hasegawa, T. and Ishida, T. and Ishii, T. and Kobayashi, T. and Nakadaira, T. and Nakamura, K. and Nishikawa, K. and Oyama, Y. and Sakashita, K. and Sekiguchi, T. and Tsukamoto, T. and Suzuki, A. T. and Minamino, A. and Nakaya, T. and Yokoyama, M. and Fukuda, Y. and Itow, Y. and Tanaka, T. and Jung, C. K. and Lopez, G. and McGrew, C. and Yanagisawa, C. and Tamura, N. and Idehara, Y. and Sakuda, M. and Kuno, Y. and Yoshida, M. and Kim, S. B. and Yang, B. S. and Okazawa, H. and Choi, Y. and Seo, H. K. and Furuse, Y. and Nishijima, K. and Yokosawa, Y. and Koshiba, M. and Totsuka, Y. and Vagins, M. R. and Chen, S. and others },
   collaboration = {The Super-Kamiokande Collaboration},
   title = {Search for nucleon decay into charged antilepton plus meson in Super-Kamiokande I and II},
   journal = {Physical Review D},
   volume = {85},
   number = {11},
   pages = {112001},
   url = {https://link.aps.org/doi/10.1103/PhysRevD.85.112001},
   year = {2012},
   type = {Journal Article}
}

@article{RN180,
   author = {Torbj\"{o}rn, Sj\"{o}strand and Stephen, Mrenna and Peter, Skands},
   title = {PYTHIA 6.4 physics and manual},
   journal = {Journal of High Energy Physics},
   volume = {2006},
   number = {05},
   pages = {026},
   ISSN = {1126-6708},
   url = {http://stacks.iop.org/1126-6708/2006/i=05/a=026},
   year = {2006},
   type = {Journal Article}
}

@book{RN681,
   author = {Turner, E.W.K.A.M.S.},
   title = {The Early Universe},
   publisher = {Sarat Book House},
   ISBN = {9788187169543},
   url = {https://books.google.com.au/books?id=Gss5m-pBauYC},
   year = {1994},
   type = {Book}
}

@article{RN663,
   author = {Vayonakis, C. E.},
   title = {Born helicity amplitudes and cross-sections in non-Abelian gauge theories},
   journal = {Lettere al Nuovo Cimento (1971-1985)},
   volume = {17},
   number = {11},
   pages = {383-387},
   ISSN = {1827-613X},
   DOI = {10.1007/BF02746538},
   url = {https://doi.org/10.1007/BF02746538},
   year = {1976},
   type = {Journal Article}
}

@article{RN116,
   author = {Venanzoni, Graziano},
   title = {The New Muon g−2 experiment at Fermilab},
   journal = {Nuclear and Particle Physics Proceedings},
   volume = {273},
   pages = {584-588},
   ISSN = {2405-6014},
   DOI = {http://dx.doi.org/10.1016/j.nuclphysbps.2015.09.087},
   url = {http://www.sciencedirect.com/science/article/pii/S2405601415005763},
   year = {2016},
   type = {Journal Article}
}

@article{RN92,
   author = {Volkov, D. V. and Akulov, V. P.},
   title = {Is the neutrino a goldstone particle?},
   journal = {Physics Letters B},
   volume = {46},
   number = {1},
   pages = {109-110},
   ISSN = {0370-2693},
   DOI = {http://dx.doi.org/10.1016/0370-2693(73)90490-5},
   url = {http://www.sciencedirect.com/science/article/pii/0370269373904905},
   year = {1973},
   type = {Journal Article}
}

@article{RN680,
   author = {von Weitershausen, P. and Sch\"{a}fer, M. and St\"{o}ckinger-Kim, H. and St\"{o}ckinger, D.},
   title = {Photonic supersymmetric two-loop corrections to the muon magnetic moment},
   journal = {Physical Review D},
   volume = {81},
   number = {9},
   pages = {093004},
   url = {https://link.aps.org/doi/10.1103/PhysRevD.81.093004},
   year = {2010},
   type = {Journal Article}
}

@article{RN787,
   author = {Wainwright, Carroll and Profumo, Stefano},
   title = {Impact of a strongly first-order phase transition on the abundance of thermal relics},
   journal = {Physical Review D},
   volume = {80},
   number = {10},
   pages = {103517},
   DOI = {10.1103/PhysRevD.80.103517},
   url = {https://link.aps.org/doi/10.1103/PhysRevD.80.103517},
   year = {2009},
   type = {Journal Article}
}

@article{RN288,
   author = {Weinberg, Steven},
   title = {A Model of Leptons},
   journal = {Physical Review Letters},
   volume = {19},
   number = {21},
   pages = {1264-1266},
   url = {https://link.aps.org/doi/10.1103/PhysRevLett.19.1264},
   year = {1967},
   type = {Journal Article}
}

@article{RN513,
   author = {Weinberg, Steven},
   title = {New Approach to the Renormalization Group},
   journal = {Physical Review D},
   volume = {8},
   number = {10},
   pages = {3497-3509},
   url = {https://link.aps.org/doi/10.1103/PhysRevD.8.3497},
   year = {1973},
   type = {Journal Article}
}

@book{RN520,
   author = {Weinberg, S.},
   title = {The Quantum Theory of Fields: Volume 3, Supersymmetry},
   publisher = {Cambridge University Press},
   ISBN = {9781139643436},
   url = {https://books.google.com.au/books?id=QMkgAwAAQBAJ},
   year = {2005},
   type = {Book}
}

@article{RN534,
   author = {Wess, J. and Zumino, B.},
   title = {Supergauge transformations in four dimensions},
   journal = {Nuclear Physics B},
   volume = {70},
   number = {1},
   pages = {39-50},
   ISSN = {0550-3213},
   DOI = {https://doi.org/10.1016/0550-3213(74)90355-1},
   url = {http://www.sciencedirect.com/science/article/pii/0550321374903551},
   year = {1974},
   type = {Journal Article}
}

@article{RN576,
   author = {Wick, Michael and Altmannshofer, Wolfgang},
   title = {A Reconsideration of the b→sγ Decay in the Minimal Flavor Violating MSSM},
   journal = {AIP Conference Proceedings},
   volume = {1078},
   number = {1},
   pages = {348-353},
   ISSN = {0094-243X},
   DOI = {10.1063/1.3051956},
   url = {http://aip.scitation.org/doi/abs/10.1063/1.3051956},
   year = {2008},
   type = {Journal Article}
}

@article{RN744,
      author         = "Wright, Brian D.",
      title          = "{Yukawa coupling thresholds: Application to the MSSM and
                        the minimal supersymmetric SU(5) GUT}",
      journal        = "Submitted to: Phys. Rev. D.",
      year           = "1994",
      eprint         = "hep-ph/9404217",
      archivePrefix  = "arXiv",
      primaryClass   = "hep-ph",
      reportNumber   = "MAD-PH-812",
      SLACcitation   = "%%CITATION = HEP-PH/9404217;%%"
}

@article{RN255,
   author = {Yeghiyan, G. K. and Jur\v{C}I\v{S}In, M. and Kazakov, D. I.},
   title = {INFRARED QUASI-FIXED POINTS AND MASS PREDICTIONS IN THE MSSM},
   journal = {Modern Physics Letters A},
   volume = {14},
   number = {08n09},
   pages = {601-619},
   ISSN = {0217-7323},
   DOI = {10.1142/S0217732399000663},
   url = {https://doi.org/10.1142/S0217732399000663},
   year = {1999},
   type = {Journal Article}
}

@Article{RN800,
author="Perelstein, Maxim
and Shakya, Bibhushan",
title="Fine-tuning implications of direct dark matter searches in the MSSM",
journal="Journal of High Energy Physics",
year="2011",
month="Oct",
day="31",
volume="2011",
number="10",
pages="142",
abstract="We study theoretical implications of direct dark matter searches in the minimal supersymmetric standard model (MSSM). We assume that no accidental cancellations occur in the spin-independent elastic neutralino-quark scattering cross section, but do not impose any relations among the weak-scale MSSM parameters. We show that direct detection cross section below 10â44Â cm2 requires the lightest supersymmetric particle (LSP) neutralino to be close to either a pure gaugino or pure Higgsino limit, with smaller cross sections correlated with smaller admixture of the subdominant components. The current XENON100 bound rules out essentially all models in which the lightest neutralino has the Higgsino fraction between 0.2 and 0.8. Furthermore, smaller direct detection cross sections correlate with stronger fine-tuning in the electroweak symmetry breaking sector. In the gaugino LSP scenario, the current XENON100 bound already implies some fine-tuning: for example, at least 10{\%} tuning is required if the LSP massis above 70 GeV. In both gaugino and Higgsino LSP scenarios, the direct dark matter searches currently being conducted and designed should lead to a discovery if no accidental cancellations or fine-tuning at a level below 1{\%} is present.",
issn="1029-8479",
doi="10.1007/JHEP10(2011)142",
url="https://doi.org/10.1007/JHEP10(2011)142"
}

@article{RN801,
title = {XENON100 implications for naturalness in the MSSM, NMSSM, and $\ensuremath{\lambda}$-supersymmetry model},
author = {Perelstein, Maxim and Shakya, Bibhushan},
journal = {Phys. Rev. D},
volume = {88},
issue = {7},
pages = {075003},
numpages = {13},
year = {2013},
month = {Oct},
publisher = {American Physical Society},
doi = {10.1103/PhysRevD.88.075003},
url = {https://link.aps.org/doi/10.1103/PhysRevD.88.075003}
}

@article{RN802,
author         = "Kobakhidze, Archil and Schmidt, Michael A. and Talia,
Matthew",
title          = "{A mechanism for dark matter depopulation}",
year           = "2017",
eprint         = "arXiv:1712.05170 [hep-ph]",
archivePrefix  = "arXiv",
primaryClass   = "hep-ph",
SLACcitation   = "%%CITATION = ARXIV:1712.05170;%%"
}

@article{RN803,
author         = "Kobakhidze, Archil and Talia, Matthew",
title          = "{Supersymmetric Naturalness Beyond MSSM}",
year           = "2018",
eprint         = "arXiv:1806.08502 [hep-ph]",
archivePrefix  = "arXiv",
primaryClass   = "hep-ph",
SLACcitation   = "%%CITATION = ARXIV:1806.08502;%%"
}

@article{RN804,
	title = {$R$ symmetry in the minimal supersymmetric standard model and beyond with several consequences},
	author = {Lazarides, G. and Shafi, Q.},
	journal = {Phys. Rev. D},
	volume = {58},
	issue = {7},
	pages = {071702},
	numpages = {5},
	year = {1998},
	month = {Sep},
	publisher = {American Physical Society},
	doi = {10.1103/PhysRevD.58.071702},
	url = {https://link.aps.org/doi/10.1103/PhysRevD.58.071702}
}

@article{RN805,
	title = "The minimal U (1)R-symmetric model revisited",
	journal = "Physics Letters B",
	volume = "286",
	number = "3",
	pages = "299 - 306",
	year = "1992",
	issn = "0370-2693",
	doi = "https://doi.org/10.1016/0370-2693(92)91779-9",
	url = "http://www.sciencedirect.com/science/article/pii/0370269392917799",
	author = "Lisa Randall and Nuria Rius"
}

@article{RN807,
title = {The effect of quark interactions on dark matter kinetic decoupling and the mass of the smallest dark halos},
author = {Gondolo, Paolo and Hisano, Junji and Kadota, Kenji},
journal = {Phys. Rev. D},
volume = {86},
issue = {8},
pages = {083523},
numpages = {9},
year = {2012},
month = {Oct},
publisher = {American Physical Society},
doi = {10.1103/PhysRevD.86.083523},
url = {https://link.aps.org/doi/10.1103/PhysRevD.86.083523}
}

@article{RN806,
title = {Kinetic decoupling of WIMPs: Analytic expressions},
author = {Visinelli, Luca and Gondolo, Paolo},
journal = {Phys. Rev. D},
volume = {91},
issue = {8},
pages = {083526},
numpages = {10},
year = {2015},
month = {Apr},
publisher = {American Physical Society},
doi = {10.1103/PhysRevD.91.083526},
url = {https://link.aps.org/doi/10.1103/PhysRevD.91.083526}
}

@article{RN900,
	title = {Monojet plus soft dilepton signal from light higgsino pair production at LHC14},
	author = {Baer, Howard and Mustafayev, Azar and Tata, Xerxes},
	journal = {Phys. Rev. D},
	volume = {90},
	issue = {11},
	pages = {115007},
	numpages = {14},
	year = {2014},
	month = {Dec},
	publisher = {American Physical Society},
	doi = {10.1103/PhysRevD.90.115007},
	url = {https://link.aps.org/doi/10.1103/PhysRevD.90.115007}
}

@article{RN901,
	title = {Hunting quasidegenerate Higgsinos},
	author = {Han, Zhenyu and Kribs, Graham D. and Martin, Adam and Menon, Arjun},
	journal = {Phys. Rev. D},
	volume = {89},
	issue = {7},
	pages = {075007},
	numpages = {18},
	year = {2014},
	month = {Apr},
	publisher = {American Physical Society},
	doi = {10.1103/PhysRevD.89.075007},
	url = {https://link.aps.org/doi/10.1103/PhysRevD.89.075007}
}

@article{RN902,
	title = {Nearly degenerate gauginos and dark matter at the LHC},
	author = {Giudice, Gian F. and Han, Tao and Wang, Kai and Wang, Lian-Tao},
	journal = {Phys. Rev. D},
	volume = {81},
	issue = {11},
	pages = {115011},
	numpages = {17},
	year = {2010},
	month = {Jun},
	publisher = {American Physical Society},
	doi = {10.1103/PhysRevD.81.115011},
	url = {https://link.aps.org/doi/10.1103/PhysRevD.81.115011}
}

@article{RN903,
	title = "SU(2) x U(1) symmetry breaking as a radiative effect of supersymmetry breaking in GUTs",
	journal = "Physics Letters B",
	volume = "110",
	number = "3",
	pages = "215 - 220",
	year = "1982",
	issn = "0370-2693",
	doi = "https://doi.org/10.1016/0370-2693(82)91239-4",
	url = "http://www.sciencedirect.com/science/article/pii/0370269382912394",
	author = "Ib\'{a}\~{n}ez, Luis and Graham G. Ross"
}

@article{RN904,
	author = {Inoue, Kenzo and Kakuto, Akira and Komatsu, Hiromasa and Takeshita, Seiichiro},
	title = {Aspects of Grand Unified Models with Softly Broken Supersymmetry},
	journal = {Progress of Theoretical Physics},
	volume = {68},
	number = {3},
	pages = {927-946},
	year = {1982},
	doi = {10.1143/PTP.68.927},
	URL = {http://dx.doi.org/10.1143/PTP.68.927}
}

@article{RN905,
	author = {Inoue, Kenzo and Kakuto, Akira and Komatsu, Hiromasa and Takeshita, Seiichiro},
	title = {Renormalization of Supersymmetry Breaking Parameters Revisited},
	journal = {Progress of Theoretical Physics},
	volume = {71},
	number = {2},
	pages = {413-416},
	year = {1984},
	doi = {10.1143/PTP.71.413},
	URL = {http://dx.doi.org/10.1143/PTP.71.413}
}

@article{RN907,
	title = "Weak symmetry breaking by radiative corrections in broken supergravity",
	journal = "Physics Letters B",
	volume = "125",
	number = "4",
	pages = "275 - 281",
	year = "1983",
	issn = "0370-2693",
	doi = "https://doi.org/10.1016/0370-2693(83)91283-2",
	url = "http://www.sciencedirect.com/science/article/pii/0370269383912832",
	author = "John Ellis and John S. Hagelin and D.V. Nanopoulos and K. Tamvakis"
}

@article{RN908,
	title = "Barygenesis without grand unification",
	journal = "Physics Letters B",
	volume = "174",
	number = "1",
	pages = "45 - 47",
	year = "1986",
	issn = "0370-2693",
	doi = "https://doi.org/10.1016/0370-2693(86)91126-3",
	url = "http://www.sciencedirect.com/science/article/pii/0370269386911263",
	author = "M. Fukugita and T. Yanagida",
	abstract = "A mechanism is pointed out to generate cosmological baryon number excess without resorting to grand unified theories. The lepton number excess originating from Majorana mass terms may transform into the number excess through the unsuppressed baryon number violation of electroweak processes at high temperatures."
}

@ARTICLE{RN909,
	author = {{Eidelman}, S. and
	{Hayes}, K.G. and
	{Olive}, K.A. and
	{Aguilar-Benitez}, M. and
	{Amsler}, C. and
	{Asner}, D. and
	{Babu}, K.S. and
	{Barnett}, R.M. and
	{Beringer}, J. and
	{Burchat}, P.R. and
	{Carone}, C.D. and
	{Caso}, C. and
	{Conforto}, G. and
	{Dahl}, O. and
	{D'Ambrosio}, G. and
	{Doser}, M. and
	{Feng}, J.L. and
	{Gherghetta}, T. and
	{Gibbons}, L. and
	{Goodman}, M. and
	{Grab}, C. and
	{Groom}, D.E. and
	{Gurtu}, A. and
	{Hagiwara}, K. and
	{Hern\'andez-Rey}, J.J. and
	{Hikasa}, K. and
	{Honscheid}, K. and
	{Jawahery}, H. and
	{Kolda}, C. and
	{Kwon} Y. and
	{Mangano}, M.L. and
	{Manohar}, A.V. and
	{March-Russell}, J. and
	{Masoni}, A. and
	{Miquel}, R. and
	{M\"onig}, K. and
	{Murayama}, H. and
	{Nakamura}, K. and
	{Navas}, S. and
	{Pape}, L. and
	{Patrignani}, C. and
	{Piepke}, A. and
	{Raffelt}, G. and
	{Roos}, M. and
	{Tanabashi}, M. and
	{Terning}, J. and
	{T\"ornqvist}, N.A. and
	{Trippe}, T.G. and
	{Vogel}, P. and
	{Wohl}, C.G. and
	{Workman}, R.L. and
	{Yao}, W.-M. and
	{Zyla}, P.A. and
	
	{Armstrong}, B. and
	{Gee}, P.S. and
	{Harper}, G. and
	{Lugovsky}, K.S. and
	{Lugovsky}, S.B. and
	{Lugovsky}, V.S. and
	{Rom}, A. and
	
	{Artuso}, M. and
	{Barberio}, E. and
	{Battaglia}, M. and
	{Bichsel}, H. and
	{Biebel}, O. and
	{Bloch}, P. and
	{Cahn}, R.N. and
	{Casper}, D. and
	{Cattai}, A. and
	{Chivukula}, R.S. and
	{Cowan}, G. and
	{Damour}, T. and
	{Desler}, K. and
	{Dobbs}, M.A. and
	{Drees}, M. and
	{Edwards}, A. and
	{Edwards}, D.A. and
	{Elvira}, V.D. and
	{Erler}, J. and
	{Ezhela}, V.V. and
	{Fetscher}, W. and
	{Fields}, B.D. and
	{Foster}, B. and
	{Froidevaux}, D. and
	{Fukugita}, M. and
	{Gaisser}, T.K. and
	{Garren}, L. and
	{Gerber}, H.-J. and
	{Gerbier}, G. and
	{Gilman}, F.J. and
	{Haber}, H.E. and
	{Hagmann}, C. and
	{Hewett}, J. and
	{Hinchliffe}, I. and
	{Hogan}, C.J. and
	{H\"ohler}, G. and
	{Igo-Kemenes}, P. and
	{Jackson}, J.D. and
	{Johnson}, K.F. and
	{Karlen}, D. and
	{Kayser}, B. and
	{Kirkby}, D. and
	{Klein}, S.R. and
	{Kleinknecht}, K. and
	{Knowles}, I.G. and
	{Kreitz}, P. and
	{Kuyanov}, Yu.V. and
	{Lahav}, O. and
	{Langacker}, P. and
	{Liddle}, A. and
	{Littenberg}, L. and
	{Manley}, D.M. and
	{Martin}, A.D. and
	{Narain}, M. and
	{Nason}, P. and
	{Nir}, Y. and
	{Peacock}, J.A. and
	{Quinn}, H.R. and
	{Raby}, S. and
	{Ratcliff}, B.N. and
	{Razuvaev}, E.A. and
	{Renk}, B. and
	{Rolandi}, G. and
	{Ronan}, M.T. and
	{Rosenberg}, L.J. and
	{Sachrajda}, C.T. and
	{Sakai}, Y. and
	{Sanda}, A.I. and
	{Sarkar}, S. and
	{Schmitt}, M. and
	{Schneider}, O. and
	{Scott}, D. and
	{Seligman}, W.G. and
	{Shaevitz}, M.H. and
	{Sj\"ostrand}, T. and
	{Smoot}, G.F. and
	{Spanier}, S. and
	{Spieler}, H. and
	{Spooner}, N.J.C. and
	{Srednicki}, M. and
	{Stahl}, A. and
	{Stanev}, T. and
	{Suzuki}, M. and
	{Tkachenko}, N.P. and
	{Trilling}, G.H. and
	{Valencia}, G. and
	{van Bibber}, K. and
	{Vincter}, M.G. and
	{Ward}, D. and
	{Webber}, B.R. and
	{Whalley}, M. and
	{Wolfenstein}, L. and
	{Womersley}, J. and
	{Woody}, C.L. and
	{Zenin}, O.V. and
	{Zhu}, R.-Y.},
	
	title = "{Review of Particle Physics}",
	journal = "{Physics Letters B}",
	year = 2004,
	volume = "592",
	pages = {1+},
	url = {http://pdg.lbl.gov}
}
